timestamp,bid_price_1,bid_volume_1,bid_price_2,bid_volume_2,bid_price_3,bid_volume_3,ask_price_1,ask_volume_1,ask_price_2,ask_volume_2,ask_price_3,ask_volume_3,mid_price
0,10002,1,9996.0,2.0,9995.0,29.0,10004,2,10005.0,29.0,,,10003.0
100,9996,2,9995.0,22.0,,,10004,2,10005.0,22.0,,,10000.0
200,9995,20,,,,,10005,20,,,,,10000.0
300,9996,2,9995.0,29.0,,,10004,2,10005.0,29.0,,,10000.0
400,9996,2,9995.0,25.0,,,10004,2,10005.0,25.0,,,10000.0
500,9995,30,,,,,10002,4,10005.0,30.0,,,9998.5
600,10000,5,9995.0,25.0,,,10005,25,,,,,10002.5
700,9995,23,,,,,10005,23,,,,,10000.0
800,9996,1,9995.0,29.0,,,10004,1,10005.0,29.0,,,10000.0
900,9996,1,9995.0,22.0,,,10004,1,10005.0,22.0,,,10000.0
1000,9995,26,,,,,10005,26,,,,,10000.0
1100,9996,2,9995.0,24.0,,,10004,2,10005.0,24.0,,,10000.0
1200,9995,21,,,,,9998,1,10005.0,21.0,,,9996.5
1300,10002,1,9996.0,1.0,9995.0,30.0,10004,1,10005.0,30.0,,,10003.0
1400,9996,1,9995.0,25.0,,,10004,1,10005.0,25.0,,,10000.0
1500,9995,27,,,,,10005,27,,,,,10000.0
1600,9995,29,,,,,10005,29,,,,,10000.0
1700,9996,2,9995.0,20.0,,,10002,1,10004.0,2.0,10005.0,20.0,9999.0
1800,10002,1,9996.0,1.0,9995.0,22.0,10004,1,10005.0,22.0,,,10003.0
1900,9996,1,9995.0,28.0,,,10004,1,10005.0,28.0,,,10000.0
2000,9996,2,9995.0,24.0,,,9998,1,10004.0,2.0,10005.0,24.0,9997.0
2100,9996,2,9995.0,25.0,,,10002,3,10004.0,2.0,10005.0,25.0,9999.0
2200,9998,8,9996.0,1.0,9995.0,24.0,10004,1,10005.0,24.0,,,10001.0
2300,9998,7,9996.0,2.0,9995.0,30.0,10004,2,10005.0,30.0,,,10001.0
2400,9995,29,,,,,10005,29,,,,,10000.0
2500,9996,1,9995.0,22.0,,,10004,1,10005.0,22.0,,,10000.0
2600,9995,23,,,,,10005,23,,,,,10000.0
2700,9998,6,9995.0,26.0,,,10005,26,,,,,10001.5
2800,9995,25,,,,,10005,25,,,,,10000.0
2900,9996,1,9995.0,25.0,,,10004,1,10005.0,25.0,,,10000.0
3000,9998,1,9995.0,26.0,,,10005,26,,,,,10001.5
3100,9996,2,9995.0,24.0,,,10004,2,10005.0,24.0,,,10000.0
3200,9996,1,9995.0,22.0,,,10004,1,10005.0,22.0,,,10000.0
3300,9996,2,9995.0,30.0,,,10004,2,10005.0,30.0,,,10000.0
3400,9996,2,9995.0,24.0,,,10004,2,10005.0,24.0,,,10000.0
3500,9995,26,,,,,10005,26,,,,,10000.0
3600,9995,21,,,,,9998,4,10005.0,21.0,,,9996.5
3700,10002,1,9996.0,1.0,9995.0,23.0,10004,1,10005.0,23.0,,,10003.0
3800,9996,2,9995.0,23.0,,,10002,10,10004.0,2.0,10005.0,23.0,9999.0
3900,9998,1,9996.0,1.0,9995.0,25.0,10004,1,10005.0,25.0,,,10001.0
4000,9996,2,9995.0,30.0,,,10004,2,10005.0,30.0,,,10000.0
4100,9996,2,9995.0,27.0,,,10004,2,10005.0,27.0,,,10000.0
4200,9996,2,9995.0,24.0,,,10002,4,10004.0,2.0,10005.0,24.0,9999.0
4300,9995,22,,,,,9998,1,10000.0,6.0,10005.0,22.0,9996.5
4400,9995,30,,,,,10005,30,,,,,10000.0
4500,9996,1,9995.0,28.0,,,10002,10,10004.0,1.0,10005.0,28.0,9999.0
4600,9996,1,9995.0,29.0,,,10002,10,10004.0,1.0,10005.0,29.0,9999.0
4700,9996,2,9995.0,30.0,,,10004,2,10005.0,30.0,,,10000.0
4800,9998,6,9996.0,2.0,9995.0,22.0,10004,2,10005.0,22.0,,,10001.0
4900,9995,22,,,,,10002,7,10005.0,22.0,,,9998.5
5000,9998,3,9996.0,2.0,9995.0,28.0,10004,2,10005.0,28.0,,,10001.0
5100,9996,1,9995.0,30.0,,,10004,1,10005.0,30.0,,,10000.0
5200,9998,9,9996.0,1.0,9995.0,26.0,10004,1,10005.0,26.0,,,10001.0
5300,9996,1,9995.0,20.0,,,10004,1,10005.0,20.0,,,10000.0
5400,9995,21,,,,,10005,21,,,,,10000.0
5500,9995,27,,,,,10005,27,,,,,10000.0
5600,9995,28,,,,,10005,28,,,,,10000.0
5700,9998,2,9995.0,27.0,,,10005,27,,,,,10001.5
5800,9996,1,9995.0,30.0,,,10004,1,10005.0,30.0,,,10000.0
5900,9996,2,9995.0,28.0,,,10004,2,10005.0,28.0,,,10000.0
6000,9995,30,,,,,10005,30,,,,,10000.0
6100,9996,1,9995.0,24.0,,,10004,1,10005.0,24.0,,,10000.0
6200,9996,1,9995.0,21.0,,,10004,1,10005.0,21.0,,,10000.0
6300,9996,2,9995.0,23.0,,,10004,2,10005.0,23.0,,,10000.0
6400,9996,1,9995.0,24.0,,,10004,1,10005.0,24.0,,,10000.0
6500,9996,1,9995.0,26.0,,,9998,1,10004.0,1.0,10005.0,26.0,9997.0
6600,9996,2,9995.0,24.0,,,10004,2,10005.0,24.0,,,10000.0
6700,9995,20,,,,,10002,3,10005.0,20.0,,,9998.5
6800,9996,2,9995.0,30.0,,,10004,2,10005.0,30.0,,,10000.0
6900,9996,1,9995.0,26.0,,,10002,5,10004.0,1.0,10005.0,26.0,9999.0
7000,9998,2,9995.0,27.0,,,10005,27,,,,,10001.5
7100,9996,1,9995.0,29.0,,,10004,1,10005.0,29.0,,,10000.0
7200,9998,5,9996.0,1.0,9995.0,27.0,10004,1,10005.0,27.0,,,10001.0
7300,10002,1,9996.0,2.0,9995.0,29.0,10004,2,10005.0,29.0,,,10003.0
7400,9996,1,9995.0,22.0,,,10004,1,10005.0,22.0,,,10000.0
7500,9995,25,,,,,10002,10,10005.0,25.0,,,9998.5
7600,9996,2,9995.0,20.0,,,10004,2,10005.0,20.0,,,10000.0
7700,9995,22,,,,,10005,22,,,,,10000.0
7800,9998,3,9996.0,1.0,9995.0,22.0,10004,1,10005.0,22.0,,,10001.0
7900,9996,1,9995.0,26.0,,,10004,1,10005.0,26.0,,,10000.0
8000,9995,27,,,,,10005,27,,,,,10000.0
8100,9996,1,9995.0,22.0,,,10004,1,10005.0,22.0,,,10000.0
8200,9995,23,,,,,10005,23,,,,,10000.0
8300,9996,1,9995.0,29.0,,,10004,1,10005.0,29.0,,,10000.0
8400,9995,28,,,,,10005,28,,,,,10000.0
8500,9998,10,9996.0,2.0,9995.0,29.0,10004,2,10005.0,29.0,,,10001.0
8600,9996,1,9995.0,22.0,,,10004,1,10005.0,22.0,,,10000.0
8700,9998,10,9995.0,27.0,,,10005,27,,,,,10001.5
8800,9995,25,,,,,9998,1,10005.0,25.0,,,9996.5
8900,9998,9,9995.0,26.0,,,10005,26,,,,,10001.5
9000,9996,2,9995.0,29.0,,,10004,2,10005.0,29.0,,,10000.0
9100,9998,3,9996.0,2.0,9995.0,27.0,10004,2,10005.0,27.0,,,10001.0
9200,9998,10,9995.0,27.0,,,10005,27,,,,,10001.5
9300,9996,1,9995.0,20.0,,,10004,1,10005.0,20.0,,,10000.0
9400,9998,2,9996.0,2.0,9995.0,21.0,10004,2,10005.0,21.0,,,10001.0
9500,9996,1,9995.0,30.0,,,10004,1,10005.0,30.0,,,10000.0
9600,9996,1,9995.0,30.0,,,10004,1,10005.0,30.0,,,10000.0
9700,9995,22,,,,,10002,1,10005.0,22.0,,,9998.5
9800,9995,26,,,,,10005,26,,,,,10000.0
9900,9995,25,,,,,10005,25,,,,,10000.0
10000,9995,28,,,,,10005,28,,,,,10000.0
10100,9996,1,9995.0,24.0,,,10002,3,10004.0,1.0,10005.0,24.0,9999.0
10200,9996,2,9995.0,26.0,,,10004,2,10005.0,26.0,,,10000.0
10300,9998,4,9995.0,27.0,,,10005,27,,,,,10001.5
10400,10002,1,9996.0,1.0,9995.0,28.0,10004,1,10005.0,28.0,,,10003.0
10500,9998,4,9996.0,2.0,9995.0,29.0,10004,2,10005.0,29.0,,,10001.0
10600,9996,2,9995.0,29.0,,,10000,4,10004.0,2.0,10005.0,29.0,9998.0
10700,9998,8,9995.0,28.0,,,10005,28,,,,,10001.5
10800,9998,5,9996.0,2.0,9995.0,22.0,10004,2,10005.0,22.0,,,10001.0
10900,9996,1,9995.0,27.0,,,10004,1,10005.0,27.0,,,10000.0
11000,9995,24,,,,,10002,7,10005.0,24.0,,,9998.5
11100,9998,3,9995.0,21.0,,,10005,21,,,,,10001.5
11200,9996,2,9995.0,21.0,,,10002,7,10004.0,2.0,10005.0,21.0,9999.0
11300,9996,1,9995.0,21.0,,,10004,1,10005.0,21.0,,,10000.0
11400,9996,1,9995.0,25.0,,,10004,1,10005.0,25.0,,,10000.0
11500,9996,1,9995.0,25.0,,,10002,7,10004.0,1.0,10005.0,25.0,9999.0
11600,9996,2,9995.0,27.0,,,10002,2,10004.0,2.0,10005.0,27.0,9999.0
11700,9996,2,9995.0,21.0,,,10004,2,10005.0,21.0,,,10000.0
11800,9998,10,9995.0,29.0,,,10000,5,10005.0,29.0,,,9999.0
11900,9996,2,9995.0,30.0,,,10004,2,10005.0,30.0,,,10000.0
12000,10002,1,9995.0,20.0,,,10005,20,,,,,10003.5
12100,9996,2,9995.0,25.0,,,10004,2,10005.0,25.0,,,10000.0
12200,9996,2,9995.0,28.0,,,10004,2,10005.0,28.0,,,10000.0
12300,9998,6,9996.0,1.0,9995.0,28.0,10004,1,10005.0,28.0,,,10001.0
12400,9995,26,,,,,10005,26,,,,,10000.0
12500,9995,20,,,,,10005,20,,,,,10000.0
12600,9995,22,,,,,10005,22,,,,,10000.0
12700,9996,2,9995.0,20.0,,,10004,2,10005.0,20.0,,,10000.0
12800,9996,2,9995.0,20.0,,,10004,2,10005.0,20.0,,,10000.0
12900,9996,1,9995.0,28.0,,,10002,3,10004.0,1.0,10005.0,28.0,9999.0
13000,10002,1,9995.0,20.0,,,10005,20,,,,,10003.5
13100,9996,1,9995.0,25.0,,,10004,1,10005.0,25.0,,,10000.0
13200,9998,2,9995.0,22.0,,,10005,22,,,,,10001.5
13300,9995,24,,,,,10005,24,,,,,10000.0
13400,9996,2,9995.0,30.0,,,10004,2,10005.0,30.0,,,10000.0
13500,9995,30,,,,,10005,30,,,,,10000.0
13600,9995,25,,,,,10002,10,10005.0,25.0,,,9998.5
13700,9996,1,9995.0,20.0,,,9998,4,10004.0,1.0,10005.0,20.0,9997.0
13800,9996,2,9995.0,20.0,,,10004,2,10005.0,20.0,,,10000.0
13900,9996,2,9995.0,20.0,,,10000,6,10004.0,2.0,10005.0,20.0,9998.0
14000,9998,5,9996.0,2.0,9995.0,27.0,10004,2,10005.0,27.0,,,10001.0
14100,9996,2,9995.0,23.0,,,10004,2,10005.0,23.0,,,10000.0
14200,9995,21,,,,,10005,21,,,,,10000.0
14300,9996,2,9995.0,27.0,,,10004,2,10005.0,27.0,,,10000.0
14400,9996,1,9995.0,29.0,,,10004,1,10005.0,29.0,,,10000.0
14500,9995,24,,,,,10002,1,10005.0,24.0,,,9998.5
14600,9996,2,9995.0,26.0,,,10000,2,10004.0,2.0,10005.0,26.0,9998.0
14700,9995,30,,,,,10002,7,10005.0,30.0,,,9998.5
14800,9995,28,,,,,10002,6,10005.0,28.0,,,9998.5
14900,10000,4,9995.0,26.0,,,10005,26,,,,,10002.5
15000,9998,1,9995.0,25.0,,,10005,25,,,,,10001.5
15100,9995,22,,,,,10005,22,,,,,10000.0
15200,9998,6,9995.0,27.0,,,10005,27,,,,,10001.5
15300,9995,26,,,,,10002,1,10005.0,26.0,,,9998.5
15400,9996,2,9995.0,28.0,,,9998,1,10004.0,2.0,10005.0,28.0,9997.0
15500,10002,1,9996.0,2.0,9995.0,29.0,10004,2,10005.0,29.0,,,10003.0
15600,9996,2,9995.0,24.0,,,10004,2,10005.0,24.0,,,10000.0
15700,10002,5,9996.0,1.0,9995.0,24.0,10004,1,10005.0,24.0,,,10003.0
15800,9998,10,9996.0,2.0,9995.0,20.0,10004,2,10005.0,20.0,,,10001.0
15900,9996,2,9995.0,29.0,,,10000,6,10004.0,2.0,10005.0,29.0,9998.0
16000,9996,2,9995.0,27.0,,,10002,6,10004.0,2.0,10005.0,27.0,9999.0
16100,9995,21,,,,,10000,2,10002.0,10.0,10005.0,21.0,9997.5
16200,9995,24,,,,,9998,1,10005.0,24.0,,,9996.5
16300,9996,1,9995.0,22.0,,,10004,1,10005.0,22.0,,,10000.0
16400,9996,2,9995.0,30.0,,,10002,3,10004.0,2.0,10005.0,30.0,9999.0
16500,9996,2,9995.0,21.0,,,10002,7,10004.0,2.0,10005.0,21.0,9999.0
16600,9998,4,9996.0,2.0,9995.0,28.0,10004,2,10005.0,28.0,,,10001.0
16700,10002,1,9995.0,26.0,,,10005,26,,,,,10003.5
16800,9995,26,,,,,10005,26,,,,,10000.0
16900,9996,1,9995.0,25.0,,,10004,1,10005.0,25.0,,,10000.0
17000,9998,9,9995.0,29.0,,,10005,29,,,,,10001.5
17100,9996,2,9995.0,21.0,,,10004,2,10005.0,21.0,,,10000.0
17200,9998,3,9996.0,2.0,9995.0,22.0,10004,2,10005.0,22.0,,,10001.0
17300,9996,2,9995.0,23.0,,,10002,9,10004.0,2.0,10005.0,23.0,9999.0
17400,10000,6,9998.0,7.0,9995.0,28.0,10005,28,,,,,10002.5
17500,9995,26,,,,,10005,26,,,,,10000.0
17600,9998,6,9995.0,30.0,,,10005,30,,,,,10001.5
17700,9996,2,9995.0,27.0,,,10004,2,10005.0,27.0,,,10000.0
17800,9996,2,9995.0,24.0,,,10002,5,10004.0,2.0,10005.0,24.0,9999.0
17900,9995,23,,,,,10005,23,,,,,10000.0
18000,9996,2,9995.0,25.0,,,10004,2,10005.0,25.0,,,10000.0
18100,9995,20,,,,,10005,20,,,,,10000.0
18200,9996,1,9995.0,25.0,,,10004,1,10005.0,25.0,,,10000.0
18300,9996,2,9995.0,23.0,,,10004,2,10005.0,23.0,,,10000.0
18400,9996,2,9995.0,23.0,,,10004,2,10005.0,23.0,,,10000.0
18500,9995,29,,,,,10000,2,10005.0,29.0,,,9997.5
18600,10002,1,9995.0,20.0,,,10005,20,,,,,10003.5
18700,9995,22,,,,,10005,22,,,,,10000.0
18800,9996,2,9995.0,26.0,,,10004,2,10005.0,26.0,,,10000.0
18900,9998,2,9995.0,22.0,,,10005,22,,,,,10001.5
19000,9996,2,9995.0,26.0,,,10004,2,10005.0,26.0,,,10000.0
19100,9996,2,9995.0,26.0,,,10004,2,10005.0,26.0,,,10000.0
19200,9996,1,9995.0,20.0,,,9998,1,10004.0,1.0,10005.0,20.0,9997.0
19300,9996,2,9995.0,21.0,,,10004,2,10005.0,21.0,,,10000.0
19400,9995,26,,,,,10005,26,,,,,10000.0
19500,9995,23,,,,,10005,23,,,,,10000.0
19600,9996,2,9995.0,27.0,,,10004,2,10005.0,27.0,,,10000.0
19700,10002,1,9996.0,2.0,9995.0,30.0,10004,2,10005.0,30.0,,,10003.0
19800,9996,2,9995.0,29.0,,,10004,2,10005.0,29.0,,,10000.0
19900,9996,2,9995.0,30.0,,,10004,2,10005.0,30.0,,,10000.0
20000,9995,27,,,,,10002,4,10005.0,27.0,,,9998.5
20100,10002,1,9996.0,1.0,9995.0,30.0,10004,1,10005.0,30.0,,,10003.0
20200,9995,29,,,,,9998,1,10005.0,29.0,,,9996.5
20300,9995,27,,,,,10005,27,,,,,10000.0
20400,9996,1,9995.0,28.0,,,10000,4,10004.0,1.0,10005.0,28.0,9998.0
20500,10000,3,9996.0,2.0,9995.0,30.0,10004,2,10005.0,30.0,,,10002.0
20600,9996,2,9995.0,26.0,,,10004,2,10005.0,26.0,,,10000.0
20700,10002,1,10000.0,6.0,9998.0,4.0,10005,22,,,,,10003.5
20800,9996,2,9995.0,22.0,,,10004,2,10005.0,22.0,,,10000.0
20900,9995,23,,,,,10005,23,,,,,10000.0
21000,9996,2,9995.0,26.0,,,10004,2,10005.0,26.0,,,10000.0
21100,9996,2,9995.0,22.0,,,10004,2,10005.0,22.0,,,10000.0
21200,9995,22,,,,,9998,1,10005.0,22.0,,,9996.5
21300,9996,1,9995.0,29.0,,,10002,7,10004.0,1.0,10005.0,29.0,9999.0
21400,9995,28,,,,,10005,28,,,,,10000.0
21500,9996,1,9995.0,20.0,,,10004,1,10005.0,20.0,,,10000.0
21600,10002,12,9996.0,2.0,9995.0,25.0,10004,2,10005.0,25.0,,,10003.0
21700,9998,8,9996.0,2.0,9995.0,29.0,10004,2,10005.0,29.0,,,10001.0
21800,9996,2,9995.0,22.0,,,10004,2,10005.0,22.0,,,10000.0
21900,10002,3,9996.0,1.0,9995.0,21.0,10004,1,10005.0,21.0,,,10003.0
22000,9995,21,,,,,10005,21,,,,,10000.0
22100,9996,2,9995.0,22.0,,,10002,7,10004.0,2.0,10005.0,22.0,9999.0
22200,9998,6,9996.0,1.0,9995.0,20.0,10004,1,10005.0,20.0,,,10001.0
22300,9996,1,9995.0,28.0,,,10004,1,10005.0,28.0,,,10000.0
22400,9996,2,9995.0,27.0,,,9998,1,10004.0,2.0,10005.0,27.0,9997.0
22500,9996,2,9995.0,29.0,,,10004,2,10005.0,29.0,,,10000.0
22600,10000,6,9998.0,6.0,9996.0,2.0,10004,2,10005.0,20.0,,,10002.0
22700,9996,2,9995.0,24.0,,,10004,2,10005.0,24.0,,,10000.0
22800,9996,1,9995.0,27.0,,,9998,2,10004.0,1.0,10005.0,27.0,9997.0
22900,9996,2,9995.0,30.0,,,10002,8,10004.0,2.0,10005.0,30.0,9999.0
23000,9996,1,9995.0,21.0,,,10004,1,10005.0,21.0,,,10000.0
23100,9998,8,9995.0,23.0,,,10005,23,,,,,10001.5
23200,9998,5,9996.0,2.0,9995.0,29.0,10004,2,10005.0,29.0,,,10001.0
23300,9996,1,9995.0,29.0,,,10004,1,10005.0,29.0,,,10000.0
23400,9996,1,9995.0,29.0,,,10004,1,10005.0,29.0,,,10000.0
23500,9998,8,9996.0,2.0,9995.0,28.0,10004,2,10005.0,28.0,,,10001.0
23600,9995,27,,,,,10005,27,,,,,10000.0
23700,10002,1,9996.0,2.0,9995.0,21.0,10004,2,10005.0,21.0,,,10003.0
23800,9995,30,,,,,10005,30,,,,,10000.0
23900,9995,30,,,,,10005,30,,,,,10000.0
24000,9998,9,9995.0,29.0,,,10005,29,,,,,10001.5
24100,9996,1,9995.0,25.0,,,10004,1,10005.0,25.0,,,10000.0
24200,9996,2,9995.0,28.0,,,10002,6,10004.0,2.0,10005.0,28.0,9999.0
24300,9996,2,9995.0,24.0,,,10002,1,10004.0,2.0,10005.0,24.0,9999.0
24400,10002,1,9998.0,4.0,9996.0,1.0,10004,1,10005.0,21.0,,,10003.0
24500,10002,1,9996.0,1.0,9995.0,25.0,10004,1,10005.0,25.0,,,10003.0
24600,9995,24,,,,,9998,2,10005.0,24.0,,,9996.5
24700,9995,25,,,,,10005,25,,,,,10000.0
24800,9995,23,,,,,10005,23,,,,,10000.0
24900,10002,1,9996.0,1.0,9995.0,22.0,10004,1,10005.0,22.0,,,10003.0
25000,9995,23,,,,,10005,23,,,,,10000.0
25100,10002,1,9995.0,25.0,,,10005,25,,,,,10003.5
25200,9996,1,9995.0,24.0,,,9998,5,10004.0,1.0,10005.0,24.0,9997.0
25300,9996,2,9995.0,22.0,,,10004,2,10005.0,22.0,,,10000.0
25400,9996,1,9995.0,29.0,,,10004,1,10005.0,29.0,,,10000.0
25500,9996,1,9995.0,20.0,,,9998,6,10002.0,9.0,10004.0,1.0,9997.0
25600,9996,1,9995.0,22.0,,,10002,7,10004.0,1.0,10005.0,22.0,9999.0
25700,9996,2,9995.0,30.0,,,10004,2,10005.0,30.0,,,10000.0
25800,10002,4,9995.0,24.0,,,10005,24,,,,,10003.5
25900,9996,2,9995.0,23.0,,,10004,2,10005.0,23.0,,,10000.0
26000,9996,2,9995.0,27.0,,,10004,2,10005.0,27.0,,,10000.0
26100,9998,7,9995.0,20.0,,,10005,20,,,,,10001.5
26200,9996,1,9995.0,22.0,,,10004,1,10005.0,22.0,,,10000.0
26300,9996,1,9995.0,29.0,,,9998,1,10004.0,1.0,10005.0,29.0,9997.0
26400,9995,22,,,,,10005,22,,,,,10000.0
26500,9996,1,9995.0,23.0,,,10004,1,10005.0,23.0,,,10000.0
26600,9996,2,9995.0,28.0,,,9998,1,10004.0,2.0,10005.0,28.0,9997.0
26700,9998,2,9996.0,1.0,9995.0,23.0,10004,1,10005.0,23.0,,,10001.0
26800,9996,2,9995.0,28.0,,,10004,2,10005.0,28.0,,,10000.0
26900,10002,1,9995.0,30.0,,,10005,30,,,,,10003.5
27000,9995,28,,,,,10002,1,10005.0,28.0,,,9998.5
27100,9995,24,,,,,10005,24,,,,,10000.0
27200,9998,2,9995.0,21.0,,,10005,21,,,,,10001.5
27300,9996,2,9995.0,29.0,,,10004,2,10005.0,29.0,,,10000.0
27400,9995,21,,,,,10005,21,,,,,10000.0
27500,9996,1,9995.0,22.0,,,10004,1,10005.0,22.0,,,10000.0
27600,9998,5,9995.0,24.0,,,10005,24,,,,,10001.5
27700,9995,24,,,,,10005,24,,,,,10000.0
27800,9998,9,9996.0,2.0,9995.0,26.0,10004,2,10005.0,26.0,,,10001.0
27900,9996,2,9995.0,27.0,,,10002,4,10004.0,2.0,10005.0,27.0,9999.0
28000,9998,2,9995.0,28.0,,,10005,28,,,,,10001.5
28100,9996,2,9995.0,24.0,,,10004,2,10005.0,24.0,,,10000.0
28200,9996,1,9995.0,25.0,,,9998,2,10004.0,1.0,10005.0,25.0,9997.0
28300,9996,1,9995.0,23.0,,,10004,1,10005.0,23.0,,,10000.0
28400,9996,2,9995.0,23.0,,,10004,2,10005.0,23.0,,,10000.0
28500,9998,10,9995.0,23.0,,,10005,23,,,,,10001.5
28600,10002,1,9996.0,2.0,9995.0,21.0,10004,2,10005.0,21.0,,,10003.0
28700,9995,30,,,,,10005,30,,,,,10000.0
28800,9995,27,,,,,10005,27,,,,,10000.0
28900,9998,7,9996.0,1.0,9995.0,21.0,10004,1,10005.0,21.0,,,10001.0
29000,9995,24,,,,,10005,24,,,,,10000.0
29100,9996,2,9995.0,26.0,,,10004,2,10005.0,26.0,,,10000.0
29200,9996,1,9995.0,30.0,,,10004,1,10005.0,30.0,,,10000.0
29300,9996,2,9995.0,30.0,,,10002,3,10004.0,2.0,10005.0,30.0,9999.0
29400,10002,1,9996.0,1.0,9995.0,25.0,10004,1,10005.0,25.0,,,10003.0
29500,9996,2,9995.0,27.0,,,10004,2,10005.0,27.0,,,10000.0
29600,9996,2,9995.0,28.0,,,10004,2,10005.0,28.0,,,10000.0
29700,9996,1,9995.0,25.0,,,10002,4,10004.0,1.0,10005.0,25.0,9999.0
29800,9998,6,9996.0,1.0,9995.0,30.0,10004,1,10005.0,30.0,,,10001.0
29900,9995,21,,,,,10005,21,,,,,10000.0
30000,9998,3,9996.0,1.0,9995.0,30.0,10004,1,10005.0,30.0,,,10001.0
30100,9996,2,9995.0,28.0,,,10004,2,10005.0,28.0,,,10000.0
30200,9996,2,9995.0,20.0,,,10004,2,10005.0,20.0,,,10000.0
30300,9996,2,9995.0,29.0,,,10002,9,10004.0,2.0,10005.0,29.0,9999.0
30400,10000,5,9996.0,2.0,9995.0,29.0,10002,8,10004.0,2.0,10005.0,29.0,10001.0
30500,9998,5,9996.0,2.0,9995.0,20.0,10004,2,10005.0,20.0,,,10001.0
30600,9996,2,9995.0,20.0,,,10002,4,10004.0,2.0,10005.0,20.0,9999.0
30700,9995,30,,,,,10005,30,,,,,10000.0
30800,9996,1,9995.0,30.0,,,10004,1,10005.0,30.0,,,10000.0
30900,9996,2,9995.0,28.0,,,10002,6,10004.0,2.0,10005.0,28.0,9999.0
31000,10000,4,9996.0,1.0,9995.0,22.0,10004,1,10005.0,22.0,,,10002.0
31100,9996,2,9995.0,27.0,,,10004,2,10005.0,27.0,,,10000.0
31200,9996,2,9995.0,29.0,,,10002,6,10004.0,2.0,10005.0,29.0,9999.0
31300,9996,1,9995.0,23.0,,,10004,1,10005.0,23.0,,,10000.0
31400,9995,26,,,,,9998,1,10005.0,26.0,,,9996.5
31500,9995,30,,,,,10005,30,,,,,10000.0
31600,9995,27,,,,,10005,27,,,,,10000.0
31700,9996,2,9995.0,22.0,,,10004,2,10005.0,22.0,,,10000.0
31800,10000,6,9996.0,1.0,9995.0,25.0,10004,1,10005.0,25.0,,,10002.0
31900,9998,3,9995.0,28.0,,,10005,28,,,,,10001.5
32000,9996,1,9995.0,24.0,,,10004,1,10005.0,24.0,,,10000.0
32100,9996,1,9995.0,28.0,,,10004,1,10005.0,28.0,,,10000.0
32200,9996,1,9995.0,27.0,,,10004,1,10005.0,27.0,,,10000.0
32300,9995,25,,,,,10005,25,,,,,10000.0
32400,9996,1,9995.0,30.0,,,10004,1,10005.0,30.0,,,10000.0
32500,9998,1,9996.0,1.0,9995.0,21.0,10004,1,10005.0,21.0,,,10001.0
32600,10002,1,9995.0,30.0,,,10005,30,,,,,10003.5
32700,9996,2,9995.0,22.0,,,10004,2,10005.0,22.0,,,10000.0
32800,9996,2,9995.0,28.0,,,10004,2,10005.0,28.0,,,10000.0
32900,9996,2,9995.0,27.0,,,10004,2,10005.0,27.0,,,10000.0
33000,9996,2,9995.0,28.0,,,10004,2,10005.0,28.0,,,10000.0
33100,9996,1,9995.0,28.0,,,10004,1,10005.0,28.0,,,10000.0
33200,9996,1,9995.0,20.0,,,10002,7,10004.0,1.0,10005.0,20.0,9999.0
33300,9996,1,9995.0,20.0,,,10004,1,10005.0,20.0,,,10000.0
33400,9996,2,9995.0,30.0,,,10002,3,10004.0,2.0,10005.0,30.0,9999.0
33500,9996,1,9995.0,20.0,,,10004,1,10005.0,20.0,,,10000.0
33600,10002,6,9995.0,27.0,,,10005,27,,,,,10003.5
33700,9996,1,9995.0,27.0,,,10002,1,10004.0,1.0,10005.0,27.0,9999.0
33800,9996,1,9995.0,25.0,,,10004,1,10005.0,25.0,,,10000.0
33900,9995,24,,,,,10005,24,,,,,10000.0
34000,10002,1,9995.0,30.0,,,10005,30,,,,,10003.5
34100,9996,1,9995.0,22.0,,,10004,1,10005.0,22.0,,,10000.0
34200,9995,23,,,,,10005,23,,,,,10000.0
34300,10002,1,9996.0,1.0,9995.0,22.0,10004,1,10005.0,22.0,,,10003.0
34400,9996,2,9995.0,23.0,,,10004,2,10005.0,23.0,,,10000.0
34500,9995,30,,,,,10005,30,,,,,10000.0
34600,9995,29,,,,,10005,29,,,,,10000.0
34700,9998,6,9995.0,24.0,,,10005,24,,,,,10001.5
34800,9996,2,9995.0,23.0,,,10004,2,10005.0,23.0,,,10000.0
34900,9996,1,9995.0,20.0,,,10004,1,10005.0,20.0,,,10000.0
35000,10002,1,9995.0,20.0,,,10005,20,,,,,10003.5
35100,10002,3,9996.0,2.0,9995.0,29.0,10004,2,10005.0,29.0,,,10003.0
35200,9996,2,9995.0,28.0,,,10002,10,10004.0,2.0,10005.0,28.0,9999.0
35300,9998,6,9996.0,1.0,9995.0,27.0,10004,1,10005.0,27.0,,,10001.0
35400,10002,3,9995.0,25.0,,,10005,25,,,,,10003.5
35500,9996,2,9995.0,26.0,,,10004,2,10005.0,26.0,,,10000.0
35600,9995,26,,,,,10005,26,,,,,10000.0
35700,9996,2,9995.0,27.0,,,10004,2,10005.0,27.0,,,10000.0
35800,9998,7,9996.0,1.0,9995.0,30.0,10004,1,10005.0,30.0,,,10001.0
35900,9996,2,9995.0,21.0,,,10004,2,10005.0,21.0,,,10000.0
36000,9995,30,,,,,10002,5,10005.0,30.0,,,9998.5
36100,10002,8,9996.0,2.0,9995.0,24.0,10004,2,10005.0,24.0,,,10003.0
36200,9996,1,9995.0,29.0,,,9998,1,10004.0,1.0,10005.0,29.0,9997.0
36300,9996,1,9995.0,21.0,,,10004,1,10005.0,21.0,,,10000.0
36400,9998,1,9996.0,1.0,9995.0,20.0,10004,1,10005.0,20.0,,,10001.0
36500,9995,25,,,,,10005,25,,,,,10000.0
36600,9996,1,9995.0,28.0,,,10004,1,10005.0,28.0,,,10000.0
36700,9995,21,,,,,10005,21,,,,,10000.0
36800,9995,30,,,,,10005,30,,,,,10000.0
36900,9996,1,9995.0,26.0,,,10004,1,10005.0,26.0,,,10000.0
37000,9996,2,9995.0,23.0,,,10004,2,10005.0,23.0,,,10000.0
37100,9996,2,9995.0,21.0,,,10004,2,10005.0,21.0,,,10000.0
37200,9996,1,9995.0,20.0,,,10004,1,10005.0,20.0,,,10000.0
37300,9996,1,9995.0,27.0,,,9998,10,10002.0,4.0,10004.0,1.0,9997.0
37400,10002,1,9998.0,2.0,9995.0,30.0,10005,30,,,,,10003.5
37500,9996,2,9995.0,25.0,,,10004,2,10005.0,25.0,,,10000.0
37600,9995,22,,,,,10002,7,10005.0,22.0,,,9998.5
37700,9996,1,9995.0,23.0,,,10004,1,10005.0,23.0,,,10000.0
37800,9995,25,,,,,10005,25,,,,,10000.0
37900,9995,25,,,,,10005,25,,,,,10000.0
38000,10002,1,9996.0,2.0,9995.0,30.0,10004,2,10005.0,30.0,,,10003.0
38100,9996,2,9995.0,26.0,,,10002,2,10004.0,2.0,10005.0,26.0,9999.0
38200,9996,1,9995.0,27.0,,,10004,1,10005.0,27.0,,,10000.0
38300,9998,5,9995.0,26.0,,,10005,26,,,,,10001.5
38400,9996,1,9995.0,23.0,,,10000,6,10004.0,1.0,10005.0,23.0,9998.0
38500,10002,1,9995.0,21.0,,,10005,21,,,,,10003.5
38600,9996,2,9995.0,28.0,,,10004,2,10005.0,28.0,,,10000.0
38700,9995,20,,,,,10005,20,,,,,10000.0
38800,9996,1,9995.0,20.0,,,10002,1,10004.0,1.0,10005.0,20.0,9999.0
38900,9996,2,9995.0,30.0,,,10004,2,10005.0,30.0,,,10000.0
39000,9995,23,,,,,10002,9,10005.0,23.0,,,9998.5
39100,9998,8,9996.0,1.0,9995.0,24.0,10004,1,10005.0,24.0,,,10001.0
39200,9996,1,9995.0,29.0,,,10004,1,10005.0,29.0,,,10000.0
39300,9995,27,,,,,10005,27,,,,,10000.0
39400,9996,1,9995.0,30.0,,,10004,1,10005.0,30.0,,,10000.0
39500,9995,27,,,,,9998,1,10002.0,2.0,10005.0,27.0,9996.5
39600,9995,23,,,,,10005,23,,,,,10000.0
39700,9996,2,9995.0,22.0,,,10004,2,10005.0,22.0,,,10000.0
39800,9996,1,9995.0,27.0,,,10004,1,10005.0,27.0,,,10000.0
39900,9996,1,9995.0,30.0,,,10002,4,10004.0,1.0,10005.0,30.0,9999.0
40000,9995,22,,,,,10005,22,,,,,10000.0
40100,9996,2,9995.0,29.0,,,10002,8,10004.0,2.0,10005.0,29.0,9999.0
40200,9996,1,9995.0,28.0,,,10004,1,10005.0,28.0,,,10000.0
40300,9995,22,,,,,9998,1,10005.0,22.0,,,9996.5
40400,9996,1,9995.0,23.0,,,10004,1,10005.0,23.0,,,10000.0
40500,10002,1,9996.0,2.0,9995.0,27.0,10004,2,10005.0,27.0,,,10003.0
40600,9996,2,9995.0,24.0,,,10004,2,10005.0,24.0,,,10000.0
40700,9998,7,9996.0,2.0,9995.0,20.0,10004,2,10005.0,20.0,,,10001.0
40800,9995,27,,,,,10005,27,,,,,10000.0
40900,9998,10,9996.0,2.0,9995.0,26.0,10004,2,10005.0,26.0,,,10001.0
41000,9995,21,,,,,10002,10,10005.0,21.0,,,9998.5
41100,9995,27,,,,,10005,27,,,,,10000.0
41200,9995,29,,,,,10005,29,,,,,10000.0
41300,9998,2,9996.0,1.0,9995.0,24.0,10004,1,10005.0,24.0,,,10001.0
41400,9998,5,9996.0,2.0,9995.0,23.0,10000,4,10004.0,2.0,10005.0,23.0,9999.0
41500,9998,8,9996.0,2.0,9995.0,20.0,10004,2,10005.0,20.0,,,10001.0
41600,9996,1,9995.0,22.0,,,10004,1,10005.0,22.0,,,10000.0
41700,10000,5,9995.0,21.0,,,10005,21,,,,,10002.5
41800,9996,2,9995.0,22.0,,,10004,2,10005.0,22.0,,,10000.0
41900,9996,1,9995.0,21.0,,,9998,4,10004.0,1.0,10005.0,21.0,9997.0
42000,9996,2,9995.0,30.0,,,10004,2,10005.0,30.0,,,10000.0
42100,9998,8,9996.0,2.0,9995.0,21.0,10004,2,10005.0,21.0,,,10001.0
42200,10002,1,9995.0,28.0,,,10005,28,,,,,10003.5
42300,9995,20,,,,,10005,20,,,,,10000.0
42400,9996,2,9995.0,29.0,,,10004,2,10005.0,29.0,,,10000.0
42500,9995,24,,,,,10002,3,10005.0,24.0,,,9998.5
42600,9995,26,,,,,10005,26,,,,,10000.0
42700,9995,26,,,,,10005,26,,,,,10000.0
42800,9995,30,,,,,10005,30,,,,,10000.0
42900,9995,25,,,,,10005,25,,,,,10000.0
43000,9995,23,,,,,10005,23,,,,,10000.0
43100,9995,21,,,,,10005,21,,,,,10000.0
43200,9996,1,9995.0,20.0,,,10004,1,10005.0,20.0,,,10000.0
43300,9996,1,9995.0,24.0,,,10004,1,10005.0,24.0,,,10000.0
43400,9996,2,9995.0,22.0,,,10004,2,10005.0,22.0,,,10000.0
43500,9998,7,9995.0,23.0,,,10005,23,,,,,10001.5
43600,9996,2,9995.0,21.0,,,10002,9,10004.0,2.0,10005.0,21.0,9999.0
43700,9996,1,9995.0,23.0,,,10004,1,10005.0,23.0,,,10000.0
43800,9996,2,9995.0,26.0,,,10004,2,10005.0,26.0,,,10000.0
43900,10002,4,9998.0,2.0,9996.0,1.0,10004,1,10005.0,29.0,,,10003.0
44000,9996,2,9995.0,20.0,,,10004,2,10005.0,20.0,,,10000.0
44100,9995,24,,,,,9998,1,10002.0,2.0,10005.0,24.0,9996.5
44200,9995,21,,,,,10005,21,,,,,10000.0
44300,9995,27,,,,,10005,27,,,,,10000.0
44400,9998,7,9995.0,28.0,,,10005,28,,,,,10001.5
44500,9995,21,,,,,10005,21,,,,,10000.0
44600,9996,1,9995.0,23.0,,,10004,1,10005.0,23.0,,,10000.0
44700,9995,29,,,,,10002,10,10005.0,29.0,,,9998.5
44800,9995,29,,,,,9998,1,10002.0,10.0,10005.0,29.0,9996.5
44900,9996,1,9995.0,25.0,,,10004,1,10005.0,25.0,,,10000.0
45000,10002,1,9996.0,2.0,9995.0,24.0,10004,2,10005.0,24.0,,,10003.0
45100,9996,1,9995.0,26.0,,,10004,1,10005.0,26.0,,,10000.0
45200,9996,1,9995.0,28.0,,,10004,1,10005.0,28.0,,,10000.0
45300,9995,22,,,,,10005,22,,,,,10000.0
45400,9996,2,9995.0,21.0,,,9998,1,10004.0,2.0,10005.0,21.0,9997.0
45500,9996,1,9995.0,24.0,,,10000,3,10004.0,1.0,10005.0,24.0,9998.0
45600,9995,26,,,,,10002,5,10005.0,26.0,,,9998.5
45700,9995,24,,,,,10005,24,,,,,10000.0
45800,9996,1,9995.0,27.0,,,10004,1,10005.0,27.0,,,10000.0
45900,9996,1,9995.0,30.0,,,10004,1,10005.0,30.0,,,10000.0
46000,9996,2,9995.0,24.0,,,10004,2,10005.0,24.0,,,10000.0
46100,9998,6,9996.0,2.0,9995.0,23.0,10004,2,10005.0,23.0,,,10001.0
46200,9998,2,9996.0,1.0,9995.0,27.0,10004,1,10005.0,27.0,,,10001.0
46300,9996,2,9995.0,27.0,,,10004,2,10005.0,27.0,,,10000.0
46400,9995,22,,,,,10005,22,,,,,10000.0
46500,10000,6,9996.0,1.0,9995.0,30.0,10004,1,10005.0,30.0,,,10002.0
46600,9998,10,9996.0,1.0,9995.0,27.0,10004,1,10005.0,27.0,,,10001.0
46700,9995,26,,,,,10005,26,,,,,10000.0
46800,9996,1,9995.0,21.0,,,10004,1,10005.0,21.0,,,10000.0
46900,9996,2,9995.0,30.0,,,10004,2,10005.0,30.0,,,10000.0
47000,9996,1,9995.0,20.0,,,10004,1,10005.0,20.0,,,10000.0
47100,9996,2,9995.0,24.0,,,9998,1,10004.0,2.0,10005.0,24.0,9997.0
47200,10002,1,9996.0,2.0,9995.0,28.0,10004,2,10005.0,28.0,,,10003.0
47300,10002,1,9998.0,3.0,9995.0,25.0,10005,25,,,,,10003.5
47400,9995,24,,,,,10002,9,10005.0,24.0,,,9998.5
47500,9995,30,,,,,10002,1,10005.0,30.0,,,9998.5
47600,9996,1,9995.0,27.0,,,10004,1,10005.0,27.0,,,10000.0
47700,9996,1,9995.0,22.0,,,10002,8,10004.0,1.0,10005.0,22.0,9999.0
47800,9996,1,9995.0,22.0,,,10002,8,10004.0,1.0,10005.0,22.0,9999.0
47900,10002,1,9995.0,27.0,,,10005,27,,,,,10003.5
48000,9995,27,,,,,10005,27,,,,,10000.0
48100,9995,21,,,,,10002,9,10005.0,21.0,,,9998.5
48200,9998,5,9995.0,25.0,,,10005,25,,,,,10001.5
48300,9996,1,9995.0,28.0,,,9998,1,10000.0,5.0,10004.0,1.0,9997.0
48400,9995,27,,,,,10002,7,10005.0,27.0,,,9998.5
48500,9995,29,,,,,9998,1,10005.0,29.0,,,9996.5
48600,9996,1,9995.0,28.0,,,10004,1,10005.0,28.0,,,10000.0
48700,9996,1,9995.0,22.0,,,10004,1,10005.0,22.0,,,10000.0
48800,9996,1,9995.0,23.0,,,10004,1,10005.0,23.0,,,10000.0
48900,9995,27,,,,,10005,27,,,,,10000.0
49000,9996,2,9995.0,30.0,,,10004,2,10005.0,30.0,,,10000.0
49100,9996,2,9995.0,30.0,,,10004,2,10005.0,30.0,,,10000.0
49200,9996,1,9995.0,20.0,,,10004,1,10005.0,20.0,,,10000.0
49300,9998,9,9996.0,1.0,9995.0,21.0,10004,1,10005.0,21.0,,,10001.0
49400,9995,20,,,,,10005,20,,,,,10000.0
49500,9996,2,9995.0,30.0,,,10004,2,10005.0,30.0,,,10000.0
49600,9995,24,,,,,10005,24,,,,,10000.0
49700,9998,7,9996.0,2.0,9995.0,26.0,10004,2,10005.0,26.0,,,10001.0
49800,9996,2,9995.0,23.0,,,10004,2,10005.0,23.0,,,10000.0
49900,9998,3,9995.0,23.0,,,10005,23,,,,,10001.5
50000,9996,1,9995.0,20.0,,,10004,1,10005.0,20.0,,,10000.0
50100,9995,24,,,,,10005,24,,,,,10000.0
50200,9995,24,,,,,10005,24,,,,,10000.0
50300,9995,30,,,,,10002,10,10005.0,30.0,,,9998.5
50400,9998,4,9996.0,1.0,9995.0,22.0,10000,2,10004.0,1.0,10005.0,22.0,9999.0
50500,9996,2,9995.0,23.0,,,10004,2,10005.0,23.0,,,10000.0
50600,10002,1,9996.0,2.0,9995.0,21.0,10004,2,10005.0,21.0,,,10003.0
50700,9996,2,9995.0,22.0,,,10004,2,10005.0,22.0,,,10000.0
50800,10002,5,9996.0,2.0,9995.0,22.0,10004,2,10005.0,22.0,,,10003.0
50900,9996,1,9995.0,27.0,,,10004,1,10005.0,27.0,,,10000.0
51000,9996,2,9995.0,26.0,,,10004,2,10005.0,26.0,,,10000.0
51100,9998,6,9996.0,1.0,9995.0,25.0,10004,1,10005.0,25.0,,,10001.0
51200,9996,2,9995.0,28.0,,,10004,2,10005.0,28.0,,,10000.0
51300,9996,1,9995.0,24.0,,,10004,1,10005.0,24.0,,,10000.0
51400,9995,30,,,,,10002,3,10005.0,30.0,,,9998.5
51500,9995,30,,,,,10005,30,,,,,10000.0
51600,10000,5,9996.0,2.0,9995.0,22.0,10002,1,10004.0,2.0,10005.0,22.0,10001.0
51700,9995,20,,,,,10005,20,,,,,10000.0
51800,9996,1,9995.0,24.0,,,10004,1,10005.0,24.0,,,10000.0
51900,9996,1,9995.0,23.0,,,10004,1,10005.0,23.0,,,10000.0
52000,9998,3,9995.0,29.0,,,10005,29,,,,,10001.5
52100,9995,21,,,,,10005,21,,,,,10000.0
52200,9996,2,9995.0,29.0,,,10004,2,10005.0,29.0,,,10000.0
52300,10002,1,9996.0,1.0,9995.0,27.0,10004,1,10005.0,27.0,,,10003.0
52400,9998,3,9996.0,1.0,9995.0,29.0,10004,1,10005.0,29.0,,,10001.0
52500,9996,1,9995.0,27.0,,,9998,1,10004.0,1.0,10005.0,27.0,9997.0
52600,9998,1,9996.0,1.0,9995.0,22.0,10000,4,10004.0,1.0,10005.0,22.0,9999.0
52700,9996,2,9995.0,25.0,,,10004,2,10005.0,25.0,,,10000.0
52800,9995,26,,,,,10005,26,,,,,10000.0
52900,9995,30,,,,,10005,30,,,,,10000.0
53000,10002,1,9996.0,1.0,9995.0,20.0,10004,1,10005.0,20.0,,,10003.0
53100,9995,24,,,,,10005,24,,,,,10000.0
53200,9996,1,9995.0,30.0,,,10004,1,10005.0,30.0,,,10000.0
53300,9995,29,,,,,10005,29,,,,,10000.0
53400,9998,6,9996.0,2.0,9995.0,23.0,10004,2,10005.0,23.0,,,10001.0
53500,9996,2,9995.0,21.0,,,10002,1,10004.0,2.0,10005.0,21.0,9999.0
53600,9995,24,,,,,9998,9,10005.0,24.0,,,9996.5
53700,9998,1,9995.0,30.0,,,10005,30,,,,,10001.5
53800,10002,3,9995.0,30.0,,,10005,30,,,,,10003.5
53900,9996,2,9995.0,25.0,,,10004,2,10005.0,25.0,,,10000.0
54000,9998,6,9996.0,1.0,9995.0,30.0,10004,1,10005.0,30.0,,,10001.0
54100,9998,2,9996.0,2.0,9995.0,22.0,10004,2,10005.0,22.0,,,10001.0
54200,9995,28,,,,,10005,28,,,,,10000.0
54300,9996,2,9995.0,23.0,,,10004,2,10005.0,23.0,,,10000.0
54400,9995,29,,,,,10005,29,,,,,10000.0
54500,9996,1,9995.0,20.0,,,10004,1,10005.0,20.0,,,10000.0
54600,10002,3,9995.0,27.0,,,10005,27,,,,,10003.5
54700,9996,2,9995.0,27.0,,,10004,2,10005.0,27.0,,,10000.0
54800,9998,8,9995.0,27.0,,,10005,27,,,,,10001.5
54900,9996,1,9995.0,28.0,,,10002,3,10004.0,1.0,10005.0,28.0,9999.0
55000,9996,2,9995.0,28.0,,,10002,8,10004.0,2.0,10005.0,28.0,9999.0
55100,9995,29,,,,,10005,29,,,,,10000.0
55200,9996,2,9995.0,21.0,,,10004,2,10005.0,21.0,,,10000.0
55300,9996,2,9995.0,27.0,,,9998,1,10002.0,2.0,10004.0,2.0,9997.0
55400,9998,3,9996.0,1.0,9995.0,21.0,10004,1,10005.0,21.0,,,10001.0
55500,9995,25,,,,,10002,9,10005.0,25.0,,,9998.5
55600,9995,26,,,,,10005,26,,,,,10000.0
55700,9996,2,9995.0,21.0,,,10004,2,10005.0,21.0,,,10000.0
55800,9998,6,9996.0,1.0,9995.0,26.0,10004,1,10005.0,26.0,,,10001.0
55900,9995,22,,,,,10005,22,,,,,10000.0
56000,9996,2,9995.0,22.0,,,10002,10,10004.0,2.0,10005.0,22.0,9999.0
56100,9996,2,9995.0,20.0,,,10004,2,10005.0,20.0,,,10000.0
56200,9996,1,9995.0,29.0,,,10004,1,10005.0,29.0,,,10000.0
56300,10002,1,9996.0,2.0,9995.0,25.0,10004,2,10005.0,25.0,,,10003.0
56400,9996,1,9995.0,30.0,,,10004,1,10005.0,30.0,,,10000.0
56500,9996,2,9995.0,27.0,,,10004,2,10005.0,27.0,,,10000.0
56600,9996,2,9995.0,29.0,,,10002,4,10004.0,2.0,10005.0,29.0,9999.0
56700,9998,3,9996.0,2.0,9995.0,24.0,10000,2,10004.0,2.0,10005.0,24.0,9999.0
56800,10002,1,9998.0,10.0,9996.0,2.0,10004,2,10005.0,22.0,,,10003.0
56900,9996,2,9995.0,20.0,,,10004,2,10005.0,20.0,,,10000.0
57000,9996,1,9995.0,27.0,,,10004,1,10005.0,27.0,,,10000.0
57100,9996,2,9995.0,25.0,,,10004,2,10005.0,25.0,,,10000.0
57200,10002,2,9996.0,1.0,9995.0,26.0,10004,1,10005.0,26.0,,,10003.0
57300,9996,1,9995.0,26.0,,,10002,9,10004.0,1.0,10005.0,26.0,9999.0
57400,9995,24,,,,,10005,24,,,,,10000.0
57500,9998,5,9996.0,2.0,9995.0,23.0,10004,2,10005.0,23.0,,,10001.0
57600,9995,24,,,,,10005,24,,,,,10000.0
57700,9995,29,,,,,10005,29,,,,,10000.0
57800,9998,1,9996.0,2.0,9995.0,29.0,10004,2,10005.0,29.0,,,10001.0
57900,9996,2,9995.0,25.0,,,9998,1,10000.0,6.0,10004.0,2.0,9997.0
58000,9996,1,9995.0,24.0,,,9998,4,10004.0,1.0,10005.0,24.0,9997.0
58100,9995,23,,,,,10005,23,,,,,10000.0
58200,9996,1,9995.0,30.0,,,10004,1,10005.0,30.0,,,10000.0
58300,9995,29,,,,,10005,29,,,,,10000.0
58400,9996,2,9995.0,21.0,,,10004,2,10005.0,21.0,,,10000.0
58500,9995,21,,,,,10002,1,10005.0,21.0,,,9998.5
58600,10002,1,9995.0,25.0,,,10005,25,,,,,10003.5
58700,9996,2,9995.0,30.0,,,10004,2,10005.0,30.0,,,10000.0
58800,9995,29,,,,,10002,1,10005.0,29.0,,,9998.5
58900,9996,1,9995.0,24.0,,,10004,1,10005.0,24.0,,,10000.0
59000,9996,2,9995.0,20.0,,,10004,2,10005.0,20.0,,,10000.0
59100,9995,27,,,,,10005,27,,,,,10000.0
59200,9998,4,9996.0,2.0,9995.0,29.0,10004,2,10005.0,29.0,,,10001.0
59300,9996,1,9995.0,26.0,,,10004,1,10005.0,26.0,,,10000.0
59400,9996,1,9995.0,21.0,,,10004,1,10005.0,21.0,,,10000.0
59500,10002,5,9995.0,23.0,,,10005,23,,,,,10003.5
59600,9996,2,9995.0,27.0,,,10004,2,10005.0,27.0,,,10000.0
59700,9995,21,,,,,10005,21,,,,,10000.0
59800,9996,1,9995.0,24.0,,,10004,1,10005.0,24.0,,,10000.0
59900,9996,1,9995.0,23.0,,,10002,6,10004.0,1.0,10005.0,23.0,9999.0
60000,9998,3,9995.0,22.0,,,10005,22,,,,,10001.5
60100,9996,2,9995.0,25.0,,,10004,2,10005.0,25.0,,,10000.0
60200,9995,25,,,,,10005,25,,,,,10000.0
60300,9996,1,9995.0,27.0,,,10004,1,10005.0,27.0,,,10000.0
60400,9996,1,9995.0,20.0,,,9998,1,10004.0,1.0,10005.0,20.0,9997.0
60500,9996,1,9995.0,23.0,,,10004,1,10005.0,23.0,,,10000.0
60600,9996,2,9995.0,22.0,,,10004,2,10005.0,22.0,,,10000.0
60700,9995,22,,,,,10005,22,,,,,10000.0
60800,10002,10,9996.0,2.0,9995.0,30.0,10004,2,10005.0,30.0,,,10003.0
60900,9996,2,9995.0,29.0,,,10004,2,10005.0,29.0,,,10000.0
61000,9995,28,,,,,10005,28,,,,,10000.0
61100,9995,29,,,,,10005,29,,,,,10000.0
61200,9998,9,9996.0,1.0,9995.0,21.0,10000,2,10004.0,1.0,10005.0,21.0,9999.0
61300,9996,1,9995.0,22.0,,,10004,1,10005.0,22.0,,,10000.0
61400,9996,1,9995.0,30.0,,,10004,1,10005.0,30.0,,,10000.0
61500,9996,2,9995.0,27.0,,,10004,2,10005.0,27.0,,,10000.0
61600,9996,2,9995.0,28.0,,,10004,2,10005.0,28.0,,,10000.0
61700,9996,1,9995.0,26.0,,,10004,1,10005.0,26.0,,,10000.0
61800,9995,20,,,,,10005,20,,,,,10000.0
61900,9995,26,,,,,9998,1,10005.0,26.0,,,9996.5
62000,9995,20,,,,,10005,20,,,,,10000.0
62100,9996,2,9995.0,23.0,,,10004,2,10005.0,23.0,,,10000.0
62200,9995,25,,,,,10002,3,10005.0,25.0,,,9998.5
62300,9995,22,,,,,10005,22,,,,,10000.0
62400,9996,2,9995.0,23.0,,,10004,2,10005.0,23.0,,,10000.0
62500,9996,1,9995.0,23.0,,,10004,1,10005.0,23.0,,,10000.0
62600,9995,29,,,,,10005,29,,,,,10000.0
62700,9996,2,9995.0,24.0,,,10004,2,10005.0,24.0,,,10000.0
62800,9995,26,,,,,10005,26,,,,,10000.0
62900,9996,2,9995.0,27.0,,,9998,4,10004.0,2.0,10005.0,27.0,9997.0
63000,9995,29,,,,,10005,29,,,,,10000.0
63100,9996,2,9995.0,24.0,,,10004,2,10005.0,24.0,,,10000.0
63200,9995,28,,,,,10005,28,,,,,10000.0
63300,9996,2,9995.0,30.0,,,10004,2,10005.0,30.0,,,10000.0
63400,9996,2,9995.0,24.0,,,10004,2,10005.0,24.0,,,10000.0
63500,9998,8,9995.0,20.0,,,10005,20,,,,,10001.5
63600,9995,21,,,,,10005,21,,,,,10000.0
63700,9996,2,9995.0,28.0,,,10002,6,10004.0,2.0,10005.0,28.0,9999.0
63800,9996,1,9995.0,21.0,,,10004,1,10005.0,21.0,,,10000.0
63900,9995,21,,,,,10005,21,,,,,10000.0
64000,9998,6,9995.0,30.0,,,10005,30,,,,,10001.5
64100,9995,27,,,,,10002,6,10005.0,27.0,,,9998.5
64200,9996,1,9995.0,24.0,,,10004,1,10005.0,24.0,,,10000.0
64300,9998,7,9996.0,1.0,9995.0,22.0,10004,1,10005.0,22.0,,,10001.0
64400,9998,8,9996.0,2.0,9995.0,27.0,10004,2,10005.0,27.0,,,10001.0
64500,9998,5,9996.0,2.0,9995.0,27.0,10004,2,10005.0,27.0,,,10001.0
64600,9995,26,,,,,10005,26,,,,,10000.0
64700,9995,28,,,,,10005,28,,,,,10000.0
64800,9996,2,9995.0,30.0,,,10004,2,10005.0,30.0,,,10000.0
64900,9996,2,9995.0,29.0,,,10004,2,10005.0,29.0,,,10000.0
65000,9995,25,,,,,9998,1,10005.0,25.0,,,9996.5
65100,9996,2,9995.0,23.0,,,10004,2,10005.0,23.0,,,10000.0
65200,9998,8,9995.0,29.0,,,10005,29,,,,,10001.5
65300,9995,21,,,,,10002,3,10005.0,21.0,,,9998.5
65400,9996,2,9995.0,26.0,,,10000,3,10004.0,2.0,10005.0,26.0,9998.0
65500,9996,2,9995.0,27.0,,,10004,2,10005.0,27.0,,,10000.0
65600,9998,5,9995.0,20.0,,,10005,20,,,,,10001.5
65700,9995,29,,,,,10005,29,,,,,10000.0
65800,9998,9,9995.0,20.0,,,10005,20,,,,,10001.5
65900,9996,1,9995.0,23.0,,,10004,1,10005.0,23.0,,,10000.0
66000,9998,4,9996.0,2.0,9995.0,22.0,10004,2,10005.0,22.0,,,10001.0
66100,9996,1,9995.0,26.0,,,9998,1,10004.0,1.0,10005.0,26.0,9997.0
66200,10002,1,10000.0,5.0,9995.0,20.0,10005,20,,,,,10003.5
66300,9996,1,9995.0,24.0,,,10004,1,10005.0,24.0,,,10000.0
66400,9995,21,,,,,9998,3,10005.0,21.0,,,9996.5
66500,9996,2,9995.0,20.0,,,10004,2,10005.0,20.0,,,10000.0
66600,9995,22,,,,,10005,22,,,,,10000.0
66700,9998,9,9995.0,27.0,,,10005,27,,,,,10001.5
66800,9995,30,,,,,10005,30,,,,,10000.0
66900,9998,4,9995.0,23.0,,,10005,23,,,,,10001.5
67000,9996,1,9995.0,24.0,,,10004,1,10005.0,24.0,,,10000.0
67100,9995,23,,,,,10005,23,,,,,10000.0
67200,9996,2,9995.0,20.0,,,10002,3,10004.0,2.0,10005.0,20.0,9999.0
67300,9995,30,,,,,9998,3,10005.0,30.0,,,9996.5
67400,9998,4,9996.0,1.0,9995.0,25.0,10004,1,10005.0,25.0,,,10001.0
67500,9995,21,,,,,10005,21,,,,,10000.0
67600,9996,2,9995.0,25.0,,,10004,2,10005.0,25.0,,,10000.0
67700,9996,1,9995.0,29.0,,,10004,1,10005.0,29.0,,,10000.0
67800,9998,3,9995.0,30.0,,,10005,30,,,,,10001.5
67900,9995,25,,,,,10005,25,,,,,10000.0
68000,9996,2,9995.0,21.0,,,10004,2,10005.0,21.0,,,10000.0
68100,9996,2,9995.0,29.0,,,10004,2,10005.0,29.0,,,10000.0
68200,9996,2,9995.0,29.0,,,10004,2,10005.0,29.0,,,10000.0
68300,9996,1,9995.0,28.0,,,10004,1,10005.0,28.0,,,10000.0
68400,9996,2,9995.0,26.0,,,10004,2,10005.0,26.0,,,10000.0
68500,9995,23,,,,,10002,5,10005.0,23.0,,,9998.5
68600,9996,1,9995.0,24.0,,,10004,1,10005.0,24.0,,,10000.0
68700,9996,1,9995.0,27.0,,,10004,1,10005.0,27.0,,,10000.0
68800,9995,22,,,,,9998,1,10005.0,22.0,,,9996.5
68900,9996,1,9995.0,27.0,,,10004,1,10005.0,27.0,,,10000.0
69000,9996,2,9995.0,28.0,,,10004,2,10005.0,28.0,,,10000.0
69100,9998,9,9996.0,1.0,9995.0,30.0,10004,1,10005.0,30.0,,,10001.0
69200,9996,2,9995.0,28.0,,,10004,2,10005.0,28.0,,,10000.0
69300,9995,21,,,,,9998,1,10005.0,21.0,,,9996.5
69400,10002,1,9998.0,2.0,9996.0,1.0,10004,1,10005.0,25.0,,,10003.0
69500,9998,1,9996.0,2.0,9995.0,24.0,10004,2,10005.0,24.0,,,10001.0
69600,9995,23,,,,,10005,23,,,,,10000.0
69700,10002,1,9996.0,1.0,9995.0,20.0,10004,1,10005.0,20.0,,,10003.0
69800,9996,1,9995.0,23.0,,,10004,1,10005.0,23.0,,,10000.0
69900,9996,2,9995.0,27.0,,,10004,2,10005.0,27.0,,,10000.0
70000,9996,2,9995.0,27.0,,,10004,2,10005.0,27.0,,,10000.0
70100,9996,2,9995.0,22.0,,,10004,2,10005.0,22.0,,,10000.0
70200,9996,1,9995.0,21.0,,,10004,1,10005.0,21.0,,,10000.0
70300,9996,1,9995.0,25.0,,,9998,2,10004.0,1.0,10005.0,25.0,9997.0
70400,9995,26,,,,,10005,26,,,,,10000.0
70500,9995,23,,,,,10000,3,10005.0,23.0,,,9997.5
70600,9996,1,9995.0,27.0,,,10004,1,10005.0,27.0,,,10000.0
70700,9995,26,,,,,10005,26,,,,,10000.0
70800,10002,1,9995.0,27.0,,,10005,27,,,,,10003.5
70900,9996,2,9995.0,30.0,,,10004,2,10005.0,30.0,,,10000.0
71000,9996,1,9995.0,29.0,,,10002,5,10004.0,1.0,10005.0,29.0,9999.0
71100,9998,9,9996.0,1.0,9995.0,21.0,10004,1,10005.0,21.0,,,10001.0
71200,10002,1,9996.0,1.0,9995.0,28.0,10004,1,10005.0,28.0,,,10003.0
71300,9996,2,9995.0,26.0,,,10002,4,10004.0,2.0,10005.0,26.0,9999.0
71400,9996,2,9995.0,24.0,,,10002,3,10004.0,2.0,10005.0,24.0,9999.0
71500,10002,1,9996.0,2.0,9995.0,26.0,10004,2,10005.0,26.0,,,10003.0
71600,9996,1,9995.0,27.0,,,9998,3,10004.0,1.0,10005.0,27.0,9997.0
71700,9996,2,9995.0,29.0,,,10004,2,10005.0,29.0,,,10000.0
71800,10002,1,9996.0,2.0,9995.0,25.0,10004,2,10005.0,25.0,,,10003.0
71900,10002,1,9996.0,1.0,9995.0,25.0,10004,1,10005.0,25.0,,,10003.0
72000,9996,1,9995.0,20.0,,,10004,1,10005.0,20.0,,,10000.0
72100,9995,21,,,,,10005,21,,,,,10000.0
72200,9996,2,9995.0,29.0,,,10004,2,10005.0,29.0,,,10000.0
72300,9996,1,9995.0,22.0,,,10002,8,10004.0,1.0,10005.0,22.0,9999.0
72400,10002,1,9996.0,2.0,9995.0,20.0,10004,2,10005.0,20.0,,,10003.0
72500,9996,2,9995.0,25.0,,,10004,2,10005.0,25.0,,,10000.0
72600,9996,2,9995.0,27.0,,,10004,2,10005.0,27.0,,,10000.0
72700,9995,23,,,,,10005,23,,,,,10000.0
72800,9995,20,,,,,10005,20,,,,,10000.0
72900,9998,1,9996.0,2.0,9995.0,22.0,10004,2,10005.0,22.0,,,10001.0
73000,9996,1,9995.0,21.0,,,10002,7,10004.0,1.0,10005.0,21.0,9999.0
73100,9996,2,9995.0,29.0,,,10002,3,10004.0,2.0,10005.0,29.0,9999.0
73200,9995,21,,,,,10005,21,,,,,10000.0
73300,9996,1,9995.0,29.0,,,10004,1,10005.0,29.0,,,10000.0
73400,9995,30,,,,,9998,1,10005.0,30.0,,,9996.5
73500,9996,2,9995.0,23.0,,,10004,2,10005.0,23.0,,,10000.0
73600,9996,1,9995.0,24.0,,,10004,1,10005.0,24.0,,,10000.0
73700,9995,24,,,,,10005,24,,,,,10000.0
73800,9995,24,,,,,10005,24,,,,,10000.0
73900,9995,30,,,,,10005,30,,,,,10000.0
74000,10002,1,9998.0,10.0,9996.0,2.0,10004,2,10005.0,24.0,,,10003.0
74100,10000,6,9996.0,2.0,9995.0,30.0,10004,2,10005.0,30.0,,,10002.0
74200,9996,2,9995.0,20.0,,,10002,6,10004.0,2.0,10005.0,20.0,9999.0
74300,9996,2,9995.0,30.0,,,10002,6,10004.0,2.0,10005.0,30.0,9999.0
74400,9995,30,,,,,10005,30,,,,,10000.0
74500,10000,3,9995.0,29.0,,,10005,29,,,,,10002.5
74600,10002,1,9998.0,7.0,9995.0,29.0,10005,29,,,,,10003.5
74700,9996,2,9995.0,30.0,,,10004,2,10005.0,30.0,,,10000.0
74800,9998,9,9996.0,1.0,9995.0,25.0,10004,1,10005.0,25.0,,,10001.0
74900,10002,1,9996.0,1.0,9995.0,30.0,10004,1,10005.0,30.0,,,10003.0
75000,9995,27,,,,,9998,1,10005.0,27.0,,,9996.5
75100,9995,30,,,,,10005,30,,,,,10000.0
75200,9998,2,9996.0,2.0,9995.0,24.0,10004,2,10005.0,24.0,,,10001.0
75300,9996,1,9995.0,28.0,,,10004,1,10005.0,28.0,,,10000.0
75400,9996,1,9995.0,30.0,,,10004,1,10005.0,30.0,,,10000.0
75500,9996,2,9995.0,28.0,,,10004,2,10005.0,28.0,,,10000.0
75600,10002,1,9996.0,2.0,9995.0,26.0,10004,2,10005.0,26.0,,,10003.0
75700,9996,1,9995.0,26.0,,,10004,1,10005.0,26.0,,,10000.0
75800,9998,5,9996.0,1.0,9995.0,29.0,10004,1,10005.0,29.0,,,10001.0
75900,9995,21,,,,,10002,8,10005.0,21.0,,,9998.5
76000,9998,2,9996.0,2.0,9995.0,30.0,10004,2,10005.0,30.0,,,10001.0
76100,9996,1,9995.0,20.0,,,9998,1,10004.0,1.0,10005.0,20.0,9997.0
76200,9996,1,9995.0,21.0,,,10004,1,10005.0,21.0,,,10000.0
76300,9995,27,,,,,10005,27,,,,,10000.0
76400,9998,4,9995.0,28.0,,,10005,28,,,,,10001.5
76500,9996,1,9995.0,27.0,,,10004,1,10005.0,27.0,,,10000.0
76600,9996,2,9995.0,28.0,,,10004,2,10005.0,28.0,,,10000.0
76700,9996,1,9995.0,25.0,,,10004,1,10005.0,25.0,,,10000.0
76800,9995,25,,,,,10005,25,,,,,10000.0
76900,9998,5,9995.0,24.0,,,10005,24,,,,,10001.5
77000,9996,1,9995.0,26.0,,,10002,4,10004.0,1.0,10005.0,26.0,9999.0
77100,10000,3,9998.0,9.0,9996.0,1.0,10004,1,10005.0,29.0,,,10002.0
77200,9996,1,9995.0,27.0,,,10004,1,10005.0,27.0,,,10000.0
77300,9996,2,9995.0,22.0,,,10004,2,10005.0,22.0,,,10000.0
77400,9995,30,,,,,10002,2,10005.0,30.0,,,9998.5
77500,9996,2,9995.0,28.0,,,10004,2,10005.0,28.0,,,10000.0
77600,9996,2,9995.0,25.0,,,10004,2,10005.0,25.0,,,10000.0
77700,9995,26,,,,,10005,26,,,,,10000.0
77800,9996,1,9995.0,25.0,,,10004,1,10005.0,25.0,,,10000.0
77900,10002,3,9996.0,2.0,9995.0,30.0,10004,2,10005.0,30.0,,,10003.0
78000,9995,23,,,,,9998,11,10005.0,23.0,,,9996.5
78100,10002,1,9996.0,2.0,9995.0,22.0,10004,2,10005.0,22.0,,,10003.0
78200,9998,7,9995.0,27.0,,,10005,27,,,,,10001.5
78300,9995,30,,,,,10005,30,,,,,10000.0
78400,9995,26,,,,,10005,26,,,,,10000.0
78500,9998,4,9996.0,1.0,9995.0,22.0,10004,1,10005.0,22.0,,,10001.0
78600,9995,22,,,,,10002,4,10005.0,22.0,,,9998.5
78700,9996,2,9995.0,30.0,,,9998,1,10004.0,2.0,10005.0,30.0,9997.0
78800,10002,1,9995.0,23.0,,,10005,23,,,,,10003.5
78900,10002,1,9995.0,26.0,,,10005,26,,,,,10003.5
79000,9998,2,9995.0,28.0,,,10005,28,,,,,10001.5
79100,9996,1,9995.0,23.0,,,10004,1,10005.0,23.0,,,10000.0
79200,9996,1,9995.0,20.0,,,9998,3,10004.0,1.0,10005.0,20.0,9997.0
79300,9998,3,9996.0,1.0,9995.0,29.0,10004,1,10005.0,29.0,,,10001.0
79400,9998,6,9996.0,2.0,9995.0,26.0,10004,2,10005.0,26.0,,,10001.0
79500,9996,2,9995.0,24.0,,,10004,2,10005.0,24.0,,,10000.0
79600,9995,25,,,,,10002,8,10005.0,25.0,,,9998.5
79700,9995,24,,,,,10005,24,,,,,10000.0
79800,10002,1,9995.0,21.0,,,10005,21,,,,,10003.5
79900,9998,1,9996.0,1.0,9995.0,29.0,10004,1,10005.0,29.0,,,10001.0
80000,9996,2,9995.0,30.0,,,10004,2,10005.0,30.0,,,10000.0
80100,9996,2,9995.0,27.0,,,10004,2,10005.0,27.0,,,10000.0
80200,9995,28,,,,,10005,28,,,,,10000.0
80300,9996,1,9995.0,26.0,,,10004,1,10005.0,26.0,,,10000.0
80400,9996,1,9995.0,25.0,,,10004,1,10005.0,25.0,,,10000.0
80500,9996,2,9995.0,26.0,,,10000,6,10004.0,2.0,10005.0,26.0,9998.0
80600,9996,2,9995.0,24.0,,,10002,9,10004.0,2.0,10005.0,24.0,9999.0
80700,9996,1,9995.0,30.0,,,10004,1,10005.0,30.0,,,10000.0
80800,9996,1,9995.0,29.0,,,10002,3,10004.0,1.0,10005.0,29.0,9999.0
80900,9995,21,,,,,10002,5,10005.0,21.0,,,9998.5
81000,9995,29,,,,,10005,29,,,,,10000.0
81100,9996,1,9995.0,25.0,,,10004,1,10005.0,25.0,,,10000.0
81200,9995,22,,,,,10005,22,,,,,10000.0
81300,9996,1,9995.0,30.0,,,10004,1,10005.0,30.0,,,10000.0
81400,9996,1,9995.0,25.0,,,10004,1,10005.0,25.0,,,10000.0
81500,9996,2,9995.0,23.0,,,10004,2,10005.0,23.0,,,10000.0
81600,9996,2,9995.0,24.0,,,10004,2,10005.0,24.0,,,10000.0
81700,9996,1,9995.0,23.0,,,10004,1,10005.0,23.0,,,10000.0
81800,10002,1,9996.0,2.0,9995.0,23.0,10004,2,10005.0,23.0,,,10003.0
81900,9996,1,9995.0,29.0,,,9998,1,10004.0,1.0,10005.0,29.0,9997.0
82000,9995,22,,,,,10005,22,,,,,10000.0
82100,9996,2,9995.0,25.0,,,10004,2,10005.0,25.0,,,10000.0
82200,10002,1,9998.0,5.0,9996.0,2.0,10004,2,10005.0,23.0,,,10003.0
82300,9996,2,9995.0,26.0,,,10004,2,10005.0,26.0,,,10000.0
82400,9996,1,9995.0,20.0,,,10004,1,10005.0,20.0,,,10000.0
82500,9996,2,9995.0,21.0,,,10004,2,10005.0,21.0,,,10000.0
82600,9996,2,9995.0,25.0,,,10002,8,10004.0,2.0,10005.0,25.0,9999.0
82700,9998,1,9996.0,1.0,9995.0,21.0,10004,1,10005.0,21.0,,,10001.0
82800,9996,2,9995.0,20.0,,,10002,1,10004.0,2.0,10005.0,20.0,9999.0
82900,9995,21,,,,,9998,1,10005.0,21.0,,,9996.5
83000,9996,1,9995.0,24.0,,,10004,1,10005.0,24.0,,,10000.0
83100,9996,2,9995.0,27.0,,,9998,1,10004.0,2.0,10005.0,27.0,9997.0
83200,9996,2,9995.0,25.0,,,10004,2,10005.0,25.0,,,10000.0
83300,9996,1,9995.0,25.0,,,10004,1,10005.0,25.0,,,10000.0
83400,9996,2,9995.0,26.0,,,10002,8,10004.0,2.0,10005.0,26.0,9999.0
83500,9996,1,9995.0,26.0,,,10004,1,10005.0,26.0,,,10000.0
83600,9996,1,9995.0,22.0,,,10004,1,10005.0,22.0,,,10000.0
83700,9996,2,9995.0,23.0,,,10004,2,10005.0,23.0,,,10000.0
83800,9996,2,9995.0,28.0,,,10004,2,10005.0,28.0,,,10000.0
83900,9995,27,,,,,10005,27,,,,,10000.0
84000,9996,1,9995.0,24.0,,,9998,1,10004.0,1.0,10005.0,24.0,9997.0
84100,9996,1,9995.0,20.0,,,10004,1,10005.0,20.0,,,10000.0
84200,9996,2,9995.0,27.0,,,10004,2,10005.0,27.0,,,10000.0
84300,9998,7,9996.0,2.0,9995.0,30.0,10004,2,10005.0,30.0,,,10001.0
84400,9995,20,,,,,10005,20,,,,,10000.0
84500,9998,3,9996.0,2.0,9995.0,22.0,10004,2,10005.0,22.0,,,10001.0
84600,9996,2,9995.0,23.0,,,9998,1,10004.0,2.0,10005.0,23.0,9997.0
84700,9996,1,9995.0,29.0,,,10004,1,10005.0,29.0,,,10000.0
84800,9996,2,9995.0,28.0,,,10004,2,10005.0,28.0,,,10000.0
84900,9995,29,,,,,10005,29,,,,,10000.0
85000,9995,24,,,,,9998,1,10002.0,10.0,10005.0,24.0,9996.5
85100,9996,1,9995.0,25.0,,,10004,1,10005.0,25.0,,,10000.0
85200,9996,2,9995.0,22.0,,,10004,2,10005.0,22.0,,,10000.0
85300,9996,1,9995.0,22.0,,,10004,1,10005.0,22.0,,,10000.0
85400,9996,1,9995.0,21.0,,,10004,1,10005.0,21.0,,,10000.0
85500,9996,2,9995.0,28.0,,,10002,9,10004.0,2.0,10005.0,28.0,9999.0
85600,9996,2,9995.0,20.0,,,10004,2,10005.0,20.0,,,10000.0
85700,10002,3,9996.0,1.0,9995.0,27.0,10004,1,10005.0,27.0,,,10003.0
85800,9998,7,9996.0,1.0,9995.0,30.0,10000,6,10004.0,1.0,10005.0,30.0,9999.0
85900,9996,1,9995.0,30.0,,,9998,1,10004.0,1.0,10005.0,30.0,9997.0
86000,10000,5,9998.0,1.0,9996.0,2.0,10004,2,10005.0,24.0,,,10002.0
86100,10002,1,9998.0,1.0,9996.0,1.0,10004,1,10005.0,26.0,,,10003.0
86200,9996,1,9995.0,23.0,,,10004,1,10005.0,23.0,,,10000.0
86300,9998,5,9995.0,28.0,,,10005,28,,,,,10001.5
86400,9996,1,9995.0,30.0,,,10004,1,10005.0,30.0,,,10000.0
86500,9998,3,9996.0,1.0,9995.0,26.0,10004,1,10005.0,26.0,,,10001.0
86600,9995,25,,,,,10005,25,,,,,10000.0
86700,10000,1,9995.0,21.0,,,10005,21,,,,,10002.5
86800,10002,5,9996.0,1.0,9995.0,24.0,10004,1,10005.0,24.0,,,10003.0
86900,9996,1,9995.0,20.0,,,10004,1,10005.0,20.0,,,10000.0
87000,9995,22,,,,,10005,22,,,,,10000.0
87100,9996,1,9995.0,20.0,,,10004,1,10005.0,20.0,,,10000.0
87200,9996,1,9995.0,27.0,,,10004,1,10005.0,27.0,,,10000.0
87300,9996,2,9995.0,30.0,,,10004,2,10005.0,30.0,,,10000.0
87400,9996,2,9995.0,26.0,,,10004,2,10005.0,26.0,,,10000.0
87500,9995,30,,,,,10005,30,,,,,10000.0
87600,9998,4,9995.0,23.0,,,10005,23,,,,,10001.5
87700,9995,21,,,,,10005,21,,,,,10000.0
87800,9998,4,9995.0,27.0,,,10005,27,,,,,10001.5
87900,9995,24,,,,,10005,24,,,,,10000.0
88000,9996,2,9995.0,25.0,,,10004,2,10005.0,25.0,,,10000.0
88100,9996,2,9995.0,25.0,,,9998,1,10004.0,2.0,10005.0,25.0,9997.0
88200,10002,5,9996.0,2.0,9995.0,22.0,10004,2,10005.0,22.0,,,10003.0
88300,9998,8,9996.0,1.0,9995.0,24.0,10004,1,10005.0,24.0,,,10001.0
88400,9995,30,,,,,10002,6,10005.0,30.0,,,9998.5
88500,10002,9,9995.0,28.0,,,10005,28,,,,,10003.5
88600,9995,23,,,,,10000,5,10002.0,3.0,10005.0,23.0,9997.5
88700,9998,3,9995.0,25.0,,,10005,25,,,,,10001.5
88800,9998,9,9996.0,2.0,9995.0,28.0,10004,2,10005.0,28.0,,,10001.0
88900,9996,1,9995.0,24.0,,,10004,1,10005.0,24.0,,,10000.0
89000,9996,2,9995.0,20.0,,,10004,2,10005.0,20.0,,,10000.0
89100,9998,6,9996.0,1.0,9995.0,26.0,10004,1,10005.0,26.0,,,10001.0
89200,9996,1,9995.0,27.0,,,10002,2,10004.0,1.0,10005.0,27.0,9999.0
89300,9998,2,9996.0,2.0,9995.0,26.0,10004,2,10005.0,26.0,,,10001.0
89400,9998,8,9995.0,20.0,,,10005,20,,,,,10001.5
89500,9996,1,9995.0,30.0,,,10004,1,10005.0,30.0,,,10000.0
89600,9996,1,9995.0,24.0,,,10004,1,10005.0,24.0,,,10000.0
89700,9996,2,9995.0,28.0,,,10004,2,10005.0,28.0,,,10000.0
89800,9998,4,9995.0,24.0,,,10005,24,,,,,10001.5
89900,9995,23,,,,,10005,23,,,,,10000.0
90000,9998,1,9996.0,1.0,9995.0,28.0,10004,1,10005.0,28.0,,,10001.0
90100,9996,1,9995.0,27.0,,,10002,1,10004.0,1.0,10005.0,27.0,9999.0
90200,9995,23,,,,,10002,7,10005.0,23.0,,,9998.5
90300,9998,3,9996.0,2.0,9995.0,21.0,10004,2,10005.0,21.0,,,10001.0
90400,9996,2,9995.0,26.0,,,10002,4,10004.0,2.0,10005.0,26.0,9999.0
90500,9998,8,9995.0,26.0,,,10005,26,,,,,10001.5
90600,9996,1,9995.0,22.0,,,10004,1,10005.0,22.0,,,10000.0
90700,10002,1,9996.0,2.0,9995.0,24.0,10004,2,10005.0,24.0,,,10003.0
90800,9995,25,,,,,10005,25,,,,,10000.0
90900,9995,25,,,,,10005,25,,,,,10000.0
91000,9995,30,,,,,10005,30,,,,,10000.0
91100,9996,2,9995.0,21.0,,,10004,2,10005.0,21.0,,,10000.0
91200,9995,22,,,,,10002,2,10005.0,22.0,,,9998.5
91300,9995,20,,,,,10002,6,10005.0,20.0,,,9998.5
91400,9996,1,9995.0,20.0,,,10004,1,10005.0,20.0,,,10000.0
91500,9998,7,9995.0,23.0,,,10005,23,,,,,10001.5
91600,10000,2,9998.0,2.0,9995.0,27.0,10005,27,,,,,10002.5
91700,9996,2,9995.0,28.0,,,9998,1,10004.0,2.0,10005.0,28.0,9997.0
91800,9995,26,,,,,10005,26,,,,,10000.0
91900,10000,3,9996.0,2.0,9995.0,28.0,10002,9,10004.0,2.0,10005.0,28.0,10001.0
92000,9998,7,9995.0,28.0,,,10005,28,,,,,10001.5
92100,9995,28,,,,,9998,1,10005.0,28.0,,,9996.5
92200,9996,1,9995.0,22.0,,,10004,1,10005.0,22.0,,,10000.0
92300,9996,1,9995.0,25.0,,,9998,1,10004.0,1.0,10005.0,25.0,9997.0
92400,9996,2,9995.0,23.0,,,10004,2,10005.0,23.0,,,10000.0
92500,9995,23,,,,,10005,23,,,,,10000.0
92600,9996,1,9995.0,24.0,,,10004,1,10005.0,24.0,,,10000.0
92700,10002,1,9996.0,2.0,9995.0,27.0,10004,2,10005.0,27.0,,,10003.0
92800,9996,2,9995.0,20.0,,,10004,2,10005.0,20.0,,,10000.0
92900,9998,7,9996.0,1.0,9995.0,26.0,10004,1,10005.0,26.0,,,10001.0
93000,9995,20,,,,,10005,20,,,,,10000.0
93100,9996,1,9995.0,21.0,,,10004,1,10005.0,21.0,,,10000.0
93200,9995,21,,,,,9998,1,10005.0,21.0,,,9996.5
93300,9995,29,,,,,10002,9,10005.0,29.0,,,9998.5
93400,9996,2,9995.0,27.0,,,9998,3,10004.0,2.0,10005.0,27.0,9997.0
93500,10000,2,9996.0,1.0,9995.0,25.0,10004,1,10005.0,25.0,,,10002.0
93600,9996,2,9995.0,27.0,,,10004,2,10005.0,27.0,,,10000.0
93700,10002,1,9996.0,2.0,9995.0,23.0,10004,2,10005.0,23.0,,,10003.0
93800,9995,30,,,,,9998,1,10002.0,5.0,10005.0,30.0,9996.5
93900,9995,28,,,,,10005,28,,,,,10000.0
94000,10002,4,9998.0,8.0,9996.0,1.0,10004,1,10005.0,30.0,,,10003.0
94100,9995,30,,,,,10005,30,,,,,10000.0
94200,9995,22,,,,,10002,7,10005.0,22.0,,,9998.5
94300,10002,1,9996.0,2.0,9995.0,24.0,10004,2,10005.0,24.0,,,10003.0
94400,9995,29,,,,,10005,29,,,,,10000.0
94500,9996,2,9995.0,23.0,,,10004,2,10005.0,23.0,,,10000.0
94600,9998,2,9995.0,22.0,,,10005,22,,,,,10001.5
94700,10002,1,9996.0,1.0,9995.0,20.0,10004,1,10005.0,20.0,,,10003.0
94800,9996,1,9995.0,27.0,,,10004,1,10005.0,27.0,,,10000.0
94900,9995,27,,,,,9998,1,10005.0,27.0,,,9996.5
95000,9998,9,9996.0,1.0,9995.0,21.0,10004,1,10005.0,21.0,,,10001.0
95100,9995,25,,,,,10005,25,,,,,10000.0
95200,9996,2,9995.0,28.0,,,10004,2,10005.0,28.0,,,10000.0
95300,9995,24,,,,,10002,9,10005.0,24.0,,,9998.5
95400,9995,21,,,,,10002,1,10005.0,21.0,,,9998.5
95500,9996,2,9995.0,25.0,,,10002,4,10004.0,2.0,10005.0,25.0,9999.0
95600,9995,30,,,,,10005,30,,,,,10000.0
95700,10002,1,9996.0,2.0,9995.0,21.0,10004,2,10005.0,21.0,,,10003.0
95800,9995,21,,,,,10005,21,,,,,10000.0
95900,9998,9,9996.0,1.0,9995.0,22.0,10004,1,10005.0,22.0,,,10001.0
96000,9996,1,9995.0,23.0,,,10004,1,10005.0,23.0,,,10000.0
96100,9995,23,,,,,10005,23,,,,,10000.0
96200,9996,2,9995.0,24.0,,,9998,5,10004.0,2.0,10005.0,24.0,9997.0
96300,9996,2,9995.0,25.0,,,10004,2,10005.0,25.0,,,10000.0
96400,9998,6,9995.0,30.0,,,10005,30,,,,,10001.5
96500,9998,1,9996.0,1.0,9995.0,28.0,10004,1,10005.0,28.0,,,10001.0
96600,9995,24,,,,,10002,3,10005.0,24.0,,,9998.5
96700,9996,2,9995.0,30.0,,,10002,9,10004.0,2.0,10005.0,30.0,9999.0
96800,10002,3,9998.0,2.0,9996.0,1.0,10004,1,10005.0,26.0,,,10003.0
96900,9996,1,9995.0,25.0,,,10004,1,10005.0,25.0,,,10000.0
97000,9996,2,9995.0,26.0,,,10004,2,10005.0,26.0,,,10000.0
97100,9995,28,,,,,10002,4,10005.0,28.0,,,9998.5
97200,9996,1,9995.0,22.0,,,10000,3,10004.0,1.0,10005.0,22.0,9998.0
97300,9998,3,9996.0,1.0,9995.0,24.0,10004,1,10005.0,24.0,,,10001.0
97400,9995,27,,,,,10005,27,,,,,10000.0
97500,9996,2,9995.0,22.0,,,10004,2,10005.0,22.0,,,10000.0
97600,9996,1,9995.0,30.0,,,10002,7,10004.0,1.0,10005.0,30.0,9999.0
97700,9995,22,,,,,10005,22,,,,,10000.0
97800,9995,27,,,,,10002,6,10005.0,27.0,,,9998.5
97900,9996,1,9995.0,25.0,,,10004,1,10005.0,25.0,,,10000.0
98000,9996,1,9995.0,23.0,,,10004,1,10005.0,23.0,,,10000.0
98100,9996,1,9995.0,28.0,,,9998,1,10002.0,2.0,10004.0,1.0,9997.0
98200,9996,1,9995.0,25.0,,,10004,1,10005.0,25.0,,,10000.0
98300,9996,2,9995.0,27.0,,,10004,2,10005.0,27.0,,,10000.0
98400,9995,30,,,,,10005,30,,,,,10000.0
98500,9996,2,9995.0,29.0,,,10004,2,10005.0,29.0,,,10000.0
98600,9996,1,9995.0,27.0,,,10004,1,10005.0,27.0,,,10000.0
98700,9996,2,9995.0,27.0,,,10004,2,10005.0,27.0,,,10000.0
98800,10002,1,9996.0,1.0,9995.0,23.0,10004,1,10005.0,23.0,,,10003.0
98900,9998,10,9995.0,26.0,,,10005,26,,,,,10001.5
99000,9996,1,9995.0,25.0,,,10004,1,10005.0,25.0,,,10000.0
99100,9995,25,,,,,10005,25,,,,,10000.0
99200,9996,1,9995.0,21.0,,,10004,1,10005.0,21.0,,,10000.0
99300,9996,2,9995.0,25.0,,,10004,2,10005.0,25.0,,,10000.0
99400,9995,26,,,,,10005,26,,,,,10000.0
99500,9995,24,,,,,10005,24,,,,,10000.0
99600,10002,1,9995.0,28.0,,,10005,28,,,,,10003.5
99700,9996,2,9995.0,28.0,,,10004,2,10005.0,28.0,,,10000.0
99800,9996,1,9995.0,27.0,,,10004,1,10005.0,27.0,,,10000.0
99900,10002,1,9995.0,29.0,,,10005,29,,,,,10003.5
100000,9996,1,9995.0,23.0,,,10004,1,10005.0,23.0,,,10000.0
100100,10002,1,9995.0,29.0,,,10005,29,,,,,10003.5
100200,9998,5,9996.0,1.0,9995.0,22.0,10004,1,10005.0,22.0,,,10001.0
100300,9998,4,9996.0,1.0,9995.0,30.0,10004,1,10005.0,30.0,,,10001.0
100400,9996,1,9995.0,29.0,,,10004,1,10005.0,29.0,,,10000.0
100500,9995,22,,,,,10005,22,,,,,10000.0
100600,9996,1,9995.0,28.0,,,10004,1,10005.0,28.0,,,10000.0
100700,10002,1,9996.0,1.0,9995.0,30.0,10004,1,10005.0,30.0,,,10003.0
100800,9995,28,,,,,10005,28,,,,,10000.0
100900,9998,10,9995.0,27.0,,,10005,27,,,,,10001.5
101000,9998,6,9995.0,30.0,,,10005,30,,,,,10001.5
101100,9998,4,9996.0,1.0,9995.0,21.0,10004,1,10005.0,21.0,,,10001.0
101200,9995,26,,,,,10005,26,,,,,10000.0
101300,9996,1,9995.0,26.0,,,9998,2,10004.0,1.0,10005.0,26.0,9997.0
101400,9995,22,,,,,10005,22,,,,,10000.0
101500,10000,3,9996.0,2.0,9995.0,20.0,10004,2,10005.0,20.0,,,10002.0
101600,9995,27,,,,,10005,27,,,,,10000.0
101700,9998,1,9995.0,27.0,,,10005,27,,,,,10001.5
101800,9996,2,9995.0,24.0,,,10004,2,10005.0,24.0,,,10000.0
101900,9996,2,9995.0,21.0,,,10004,2,10005.0,21.0,,,10000.0
102000,10002,1,9996.0,1.0,9995.0,29.0,10004,1,10005.0,29.0,,,10003.0
102100,9998,3,9996.0,2.0,9995.0,22.0,10004,2,10005.0,22.0,,,10001.0
102200,9995,30,,,,,10005,30,,,,,10000.0
102300,9996,1,9995.0,24.0,,,10004,1,10005.0,24.0,,,10000.0
102400,9995,23,,,,,10005,23,,,,,10000.0
102500,9996,2,9995.0,27.0,,,10002,9,10004.0,2.0,10005.0,27.0,9999.0
102600,9998,9,9996.0,2.0,9995.0,23.0,10004,2,10005.0,23.0,,,10001.0
102700,9995,21,,,,,10005,21,,,,,10000.0
102800,9996,2,9995.0,26.0,,,10004,2,10005.0,26.0,,,10000.0
102900,9996,1,9995.0,27.0,,,10004,1,10005.0,27.0,,,10000.0
103000,9996,1,9995.0,30.0,,,10004,1,10005.0,30.0,,,10000.0
103100,9996,1,9995.0,26.0,,,10004,1,10005.0,26.0,,,10000.0
103200,9998,5,9995.0,27.0,,,10005,27,,,,,10001.5
103300,9996,1,9995.0,25.0,,,10004,1,10005.0,25.0,,,10000.0
103400,9998,9,9996.0,2.0,9995.0,30.0,10000,4,10004.0,2.0,10005.0,30.0,9999.0
103500,9996,1,9995.0,27.0,,,10004,1,10005.0,27.0,,,10000.0
103600,9996,2,9995.0,25.0,,,10004,2,10005.0,25.0,,,10000.0
103700,9996,1,9995.0,24.0,,,10004,1,10005.0,24.0,,,10000.0
103800,9998,5,9995.0,26.0,,,10005,26,,,,,10001.5
103900,9996,2,9995.0,22.0,,,10002,7,10004.0,2.0,10005.0,22.0,9999.0
104000,9995,27,,,,,10005,27,,,,,10000.0
104100,9996,1,9995.0,27.0,,,10004,1,10005.0,27.0,,,10000.0
104200,9996,1,9995.0,23.0,,,10004,1,10005.0,23.0,,,10000.0
104300,9995,22,,,,,10005,22,,,,,10000.0
104400,9996,1,9995.0,28.0,,,10004,1,10005.0,28.0,,,10000.0
104500,9996,1,9995.0,25.0,,,10004,1,10005.0,25.0,,,10000.0
104600,9996,2,9995.0,25.0,,,10002,4,10004.0,2.0,10005.0,25.0,9999.0
104700,10002,1,9996.0,1.0,9995.0,30.0,10004,1,10005.0,30.0,,,10003.0
104800,9996,2,9995.0,26.0,,,10004,2,10005.0,26.0,,,10000.0
104900,9996,2,9995.0,24.0,,,10004,2,10005.0,24.0,,,10000.0
105000,9995,21,,,,,10002,2,10005.0,21.0,,,9998.5
105100,9996,2,9995.0,30.0,,,10004,2,10005.0,30.0,,,10000.0
105200,9998,5,9996.0,1.0,9995.0,25.0,10004,1,10005.0,25.0,,,10001.0
105300,9996,2,9995.0,25.0,,,10002,9,10004.0,2.0,10005.0,25.0,9999.0
105400,10002,1,9995.0,24.0,,,10005,24,,,,,10003.5
105500,9998,1,9995.0,28.0,,,10005,28,,,,,10001.5
105600,9998,8,9995.0,30.0,,,10005,30,,,,,10001.5
105700,9998,8,9996.0,1.0,9995.0,28.0,10004,1,10005.0,28.0,,,10001.0
105800,10002,3,9996.0,2.0,9995.0,26.0,10004,2,10005.0,26.0,,,10003.0
105900,9996,1,9995.0,23.0,,,10004,1,10005.0,23.0,,,10000.0
106000,9995,22,,,,,10005,22,,,,,10000.0
106100,9996,2,9995.0,22.0,,,10004,2,10005.0,22.0,,,10000.0
106200,9996,2,9995.0,21.0,,,10004,2,10005.0,21.0,,,10000.0
106300,9996,2,9995.0,26.0,,,9998,2,10000.0,4.0,10004.0,2.0,9997.0
106400,9998,10,9996.0,1.0,9995.0,22.0,10000,6,10004.0,1.0,10005.0,22.0,9999.0
106500,9995,20,,,,,10005,20,,,,,10000.0
106600,9995,30,,,,,9998,4,10005.0,30.0,,,9996.5
106700,9996,2,9995.0,28.0,,,9998,1,10004.0,2.0,10005.0,28.0,9997.0
106800,10002,1,9998.0,9.0,9996.0,1.0,10004,1,10005.0,30.0,,,10003.0
106900,9995,29,,,,,10005,29,,,,,10000.0
107000,9996,1,9995.0,25.0,,,10004,1,10005.0,25.0,,,10000.0
107100,9995,22,,,,,9998,1,10005.0,22.0,,,9996.5
107200,9998,1,9996.0,1.0,9995.0,24.0,10004,1,10005.0,24.0,,,10001.0
107300,9996,2,9995.0,23.0,,,10004,2,10005.0,23.0,,,10000.0
107400,9995,25,,,,,10005,25,,,,,10000.0
107500,9995,25,,,,,10002,5,10005.0,25.0,,,9998.5
107600,9998,3,9996.0,1.0,9995.0,30.0,10004,1,10005.0,30.0,,,10001.0
107700,9996,2,9995.0,22.0,,,10004,2,10005.0,22.0,,,10000.0
107800,9996,2,9995.0,20.0,,,10002,8,10004.0,2.0,10005.0,20.0,9999.0
107900,9996,1,9995.0,28.0,,,10002,4,10004.0,1.0,10005.0,28.0,9999.0
108000,9996,1,9995.0,26.0,,,9998,11,10004.0,1.0,10005.0,26.0,9997.0
108100,9995,25,,,,,9998,1,10005.0,25.0,,,9996.5
108200,9996,2,9995.0,29.0,,,10004,2,10005.0,29.0,,,10000.0
108300,9995,21,,,,,10005,21,,,,,10000.0
108400,9996,1,9995.0,25.0,,,10002,8,10004.0,1.0,10005.0,25.0,9999.0
108500,9996,2,9995.0,23.0,,,10004,2,10005.0,23.0,,,10000.0
108600,9996,1,9995.0,26.0,,,9998,4,10004.0,1.0,10005.0,26.0,9997.0
108700,9995,23,,,,,10005,23,,,,,10000.0
108800,9995,20,,,,,10005,20,,,,,10000.0
108900,9996,1,9995.0,30.0,,,10004,1,10005.0,30.0,,,10000.0
109000,9995,20,,,,,10002,2,10005.0,20.0,,,9998.5
109100,9996,1,9995.0,27.0,,,10004,1,10005.0,27.0,,,10000.0
109200,9998,2,9996.0,2.0,9995.0,25.0,10004,2,10005.0,25.0,,,10001.0
109300,9995,21,,,,,10005,21,,,,,10000.0
109400,9995,21,,,,,10005,21,,,,,10000.0
109500,9996,2,9995.0,28.0,,,10004,2,10005.0,28.0,,,10000.0
109600,9996,2,9995.0,27.0,,,9998,1,10004.0,2.0,10005.0,27.0,9997.0
109700,9996,1,9995.0,26.0,,,10004,1,10005.0,26.0,,,10000.0
109800,10002,1,9996.0,2.0,9995.0,22.0,10004,2,10005.0,22.0,,,10003.0
109900,10002,1,9995.0,27.0,,,10005,27,,,,,10003.5
110000,9996,1,9995.0,21.0,,,10004,1,10005.0,21.0,,,10000.0
110100,9996,1,9995.0,23.0,,,10004,1,10005.0,23.0,,,10000.0
110200,9995,20,,,,,10005,20,,,,,10000.0
110300,9996,2,9995.0,20.0,,,10004,2,10005.0,20.0,,,10000.0
110400,9995,30,,,,,10005,30,,,,,10000.0
110500,9995,21,,,,,10005,21,,,,,10000.0
110600,10002,8,9995.0,28.0,,,10005,28,,,,,10003.5
110700,9998,3,9996.0,2.0,9995.0,24.0,10004,2,10005.0,24.0,,,10001.0
110800,9995,30,,,,,10005,30,,,,,10000.0
110900,9995,24,,,,,10005,24,,,,,10000.0
111000,9996,2,9995.0,22.0,,,9998,1,10004.0,2.0,10005.0,22.0,9997.0
111100,9996,2,9995.0,25.0,,,9998,4,10004.0,2.0,10005.0,25.0,9997.0
111200,9996,1,9995.0,21.0,,,10004,1,10005.0,21.0,,,10000.0
111300,9996,1,9995.0,29.0,,,9998,3,10004.0,1.0,10005.0,29.0,9997.0
111400,9996,1,9995.0,23.0,,,10004,1,10005.0,23.0,,,10000.0
111500,9996,1,9995.0,21.0,,,10004,1,10005.0,21.0,,,10000.0
111600,9996,2,9995.0,30.0,,,10004,2,10005.0,30.0,,,10000.0
111700,9996,2,9995.0,20.0,,,10004,2,10005.0,20.0,,,10000.0
111800,9995,22,,,,,10005,22,,,,,10000.0
111900,9996,2,9995.0,20.0,,,10002,5,10004.0,2.0,10005.0,20.0,9999.0
112000,9996,2,9995.0,24.0,,,10004,2,10005.0,24.0,,,10000.0
112100,9996,2,9995.0,20.0,,,9998,5,10002.0,7.0,10004.0,2.0,9997.0
112200,9998,1,9996.0,2.0,9995.0,26.0,10004,2,10005.0,26.0,,,10001.0
112300,9995,26,,,,,10005,26,,,,,10000.0
112400,9998,9,9996.0,1.0,9995.0,28.0,10004,1,10005.0,28.0,,,10001.0
112500,9996,2,9995.0,21.0,,,10002,3,10004.0,2.0,10005.0,21.0,9999.0
112600,9995,30,,,,,10005,30,,,,,10000.0
112700,9996,1,9995.0,28.0,,,10002,7,10004.0,1.0,10005.0,28.0,9999.0
112800,9995,22,,,,,10005,22,,,,,10000.0
112900,9998,1,9996.0,2.0,9995.0,20.0,10004,2,10005.0,20.0,,,10001.0
113000,10002,4,9996.0,1.0,9995.0,26.0,10004,1,10005.0,26.0,,,10003.0
113100,9998,3,9996.0,1.0,9995.0,20.0,10004,1,10005.0,20.0,,,10001.0
113200,9996,2,9995.0,29.0,,,10002,10,10004.0,2.0,10005.0,29.0,9999.0
113300,9996,2,9995.0,20.0,,,10004,2,10005.0,20.0,,,10000.0
113400,9996,1,9995.0,20.0,,,10004,1,10005.0,20.0,,,10000.0
113500,9995,21,,,,,10005,21,,,,,10000.0
113600,9996,1,9995.0,24.0,,,10004,1,10005.0,24.0,,,10000.0
113700,9996,1,9995.0,20.0,,,10004,1,10005.0,20.0,,,10000.0
113800,10002,1,9996.0,2.0,9995.0,22.0,10004,2,10005.0,22.0,,,10003.0
113900,9996,1,9995.0,28.0,,,10004,1,10005.0,28.0,,,10000.0
114000,9996,2,9995.0,28.0,,,9998,11,10004.0,2.0,10005.0,28.0,9997.0
114100,9996,2,9995.0,30.0,,,10004,2,10005.0,30.0,,,10000.0
114200,9996,2,9995.0,23.0,,,10004,2,10005.0,23.0,,,10000.0
114300,9996,2,9995.0,27.0,,,10004,2,10005.0,27.0,,,10000.0
114400,9995,28,,,,,10002,2,10005.0,28.0,,,9998.5
114500,9996,1,9995.0,29.0,,,10004,1,10005.0,29.0,,,10000.0
114600,10002,1,9996.0,1.0,9995.0,25.0,10004,1,10005.0,25.0,,,10003.0
114700,9996,2,9995.0,26.0,,,10004,2,10005.0,26.0,,,10000.0
114800,9996,2,9995.0,24.0,,,10004,2,10005.0,24.0,,,10000.0
114900,9995,21,,,,,10005,21,,,,,10000.0
115000,9998,8,9996.0,1.0,9995.0,25.0,10004,1,10005.0,25.0,,,10001.0
115100,9995,25,,,,,10005,25,,,,,10000.0
115200,9995,21,,,,,10005,21,,,,,10000.0
115300,9995,28,,,,,9998,1,10002.0,10.0,10005.0,28.0,9996.5
115400,9995,24,,,,,10005,24,,,,,10000.0
115500,9996,2,9995.0,24.0,,,10004,2,10005.0,24.0,,,10000.0
115600,9998,8,9996.0,2.0,9995.0,27.0,10004,2,10005.0,27.0,,,10001.0
115700,9995,25,,,,,10005,25,,,,,10000.0
115800,9998,9,9996.0,2.0,9995.0,22.0,10004,2,10005.0,22.0,,,10001.0
115900,9996,2,9995.0,28.0,,,10004,2,10005.0,28.0,,,10000.0
116000,9995,25,,,,,10005,25,,,,,10000.0
116100,9996,2,9995.0,22.0,,,10002,5,10004.0,2.0,10005.0,22.0,9999.0
116200,9995,27,,,,,10002,7,10005.0,27.0,,,9998.5
116300,9996,2,9995.0,27.0,,,10004,2,10005.0,27.0,,,10000.0
116400,9996,1,9995.0,23.0,,,10004,1,10005.0,23.0,,,10000.0
116500,9996,2,9995.0,27.0,,,10004,2,10005.0,27.0,,,10000.0
116600,9996,2,9995.0,21.0,,,10004,2,10005.0,21.0,,,10000.0
116700,10002,1,9996.0,2.0,9995.0,24.0,10004,2,10005.0,24.0,,,10003.0
116800,10002,3,9995.0,30.0,,,10005,30,,,,,10003.5
116900,9996,1,9995.0,26.0,,,10002,9,10004.0,1.0,10005.0,26.0,9999.0
117000,9996,1,9995.0,30.0,,,10004,1,10005.0,30.0,,,10000.0
117100,9996,2,9995.0,24.0,,,10004,2,10005.0,24.0,,,10000.0
117200,9996,2,9995.0,20.0,,,10002,9,10004.0,2.0,10005.0,20.0,9999.0
117300,9998,5,9996.0,1.0,9995.0,21.0,10004,1,10005.0,21.0,,,10001.0
117400,9995,27,,,,,10005,27,,,,,10000.0
117500,9996,2,9995.0,24.0,,,10004,2,10005.0,24.0,,,10000.0
117600,9996,1,9995.0,30.0,,,10004,1,10005.0,30.0,,,10000.0
117700,9996,1,9995.0,29.0,,,10004,1,10005.0,29.0,,,10000.0
117800,9996,2,9995.0,29.0,,,10002,7,10004.0,2.0,10005.0,29.0,9999.0
117900,9996,2,9995.0,22.0,,,10004,2,10005.0,22.0,,,10000.0
118000,9996,1,9995.0,27.0,,,10004,1,10005.0,27.0,,,10000.0
118100,9996,2,9995.0,23.0,,,10002,6,10004.0,2.0,10005.0,23.0,9999.0
118200,9995,21,,,,,10005,21,,,,,10000.0
118300,9996,1,9995.0,26.0,,,10002,9,10004.0,1.0,10005.0,26.0,9999.0
118400,9996,2,9995.0,28.0,,,10004,2,10005.0,28.0,,,10000.0
118500,9996,1,9995.0,25.0,,,10004,1,10005.0,25.0,,,10000.0
118600,9996,2,9995.0,29.0,,,10004,2,10005.0,29.0,,,10000.0
118700,9996,1,9995.0,26.0,,,10002,8,10004.0,1.0,10005.0,26.0,9999.0
118800,9996,2,9995.0,29.0,,,10004,2,10005.0,29.0,,,10000.0
118900,9995,25,,,,,10005,25,,,,,10000.0
119000,9996,1,9995.0,20.0,,,10004,1,10005.0,20.0,,,10000.0
119100,9996,2,9995.0,24.0,,,10002,8,10004.0,2.0,10005.0,24.0,9999.0
119200,9998,2,9996.0,1.0,9995.0,25.0,10004,1,10005.0,25.0,,,10001.0
119300,9995,25,,,,,9998,1,10002.0,1.0,10005.0,25.0,9996.5
119400,9995,24,,,,,10005,24,,,,,10000.0
119500,9996,1,9995.0,25.0,,,10002,2,10004.0,1.0,10005.0,25.0,9999.0
119600,9996,2,9995.0,27.0,,,10004,2,10005.0,27.0,,,10000.0
119700,9998,2,9996.0,1.0,9995.0,25.0,10004,1,10005.0,25.0,,,10001.0
119800,10000,4,9998.0,8.0,9995.0,26.0,10005,26,,,,,10002.5
119900,10002,1,9996.0,2.0,9995.0,26.0,10004,2,10005.0,26.0,,,10003.0
120000,10002,1,9996.0,2.0,9995.0,23.0,10004,2,10005.0,23.0,,,10003.0
120100,9995,22,,,,,10005,22,,,,,10000.0
120200,10002,1,9996.0,1.0,9995.0,23.0,10004,1,10005.0,23.0,,,10003.0
120300,9996,2,9995.0,29.0,,,10004,2,10005.0,29.0,,,10000.0
120400,9996,1,9995.0,24.0,,,10004,1,10005.0,24.0,,,10000.0
120500,9996,2,9995.0,21.0,,,10002,4,10004.0,2.0,10005.0,21.0,9999.0
120600,9998,1,9995.0,22.0,,,10005,22,,,,,10001.5
120700,9995,28,,,,,10005,28,,,,,10000.0
120800,9995,23,,,,,10005,23,,,,,10000.0
120900,9998,4,9995.0,23.0,,,10005,23,,,,,10001.5
121000,9996,2,9995.0,22.0,,,10004,2,10005.0,22.0,,,10000.0
121100,9998,5,9996.0,2.0,9995.0,25.0,10004,2,10005.0,25.0,,,10001.0
121200,9996,1,9995.0,27.0,,,10004,1,10005.0,27.0,,,10000.0
121300,9996,1,9995.0,21.0,,,10004,1,10005.0,21.0,,,10000.0
121400,10002,5,9995.0,27.0,,,10005,27,,,,,10003.5
121500,9995,29,,,,,10005,29,,,,,10000.0
121600,9996,1,9995.0,21.0,,,10004,1,10005.0,21.0,,,10000.0
121700,9996,2,9995.0,25.0,,,10002,1,10004.0,2.0,10005.0,25.0,9999.0
121800,9996,1,9995.0,30.0,,,10002,3,10004.0,1.0,10005.0,30.0,9999.0
121900,9996,1,9995.0,27.0,,,10004,1,10005.0,27.0,,,10000.0
122000,9995,27,,,,,10005,27,,,,,10000.0
122100,9995,25,,,,,10005,25,,,,,10000.0
122200,9998,10,9996.0,2.0,9995.0,25.0,10004,2,10005.0,25.0,,,10001.0
122300,9995,23,,,,,10005,23,,,,,10000.0
122400,9996,2,9995.0,24.0,,,10004,2,10005.0,24.0,,,10000.0
122500,9996,2,9995.0,25.0,,,10004,2,10005.0,25.0,,,10000.0
122600,9998,5,9996.0,1.0,9995.0,28.0,10004,1,10005.0,28.0,,,10001.0
122700,9995,25,,,,,10005,25,,,,,10000.0
122800,9996,1,9995.0,28.0,,,10004,1,10005.0,28.0,,,10000.0
122900,9996,2,9995.0,30.0,,,10004,2,10005.0,30.0,,,10000.0
123000,9998,1,9995.0,26.0,,,10005,26,,,,,10001.5
123100,9996,1,9995.0,25.0,,,10002,7,10004.0,1.0,10005.0,25.0,9999.0
123200,9996,2,9995.0,21.0,,,10004,2,10005.0,21.0,,,10000.0
123300,9995,29,,,,,10005,29,,,,,10000.0
123400,9996,1,9995.0,21.0,,,10004,1,10005.0,21.0,,,10000.0
123500,9996,1,9995.0,30.0,,,10004,1,10005.0,30.0,,,10000.0
123600,9996,1,9995.0,20.0,,,10004,1,10005.0,20.0,,,10000.0
123700,10002,6,9996.0,2.0,9995.0,21.0,10004,2,10005.0,21.0,,,10003.0
123800,9996,1,9995.0,23.0,,,9998,1,10002.0,3.0,10004.0,1.0,9997.0
123900,9995,26,,,,,10005,26,,,,,10000.0
124000,9995,20,,,,,10005,20,,,,,10000.0
124100,9996,2,9995.0,25.0,,,10004,2,10005.0,25.0,,,10000.0
124200,9996,1,9995.0,23.0,,,10004,1,10005.0,23.0,,,10000.0
124300,9995,20,,,,,10005,20,,,,,10000.0
124400,9996,1,9995.0,26.0,,,10004,1,10005.0,26.0,,,10000.0
124500,9996,1,9995.0,20.0,,,9998,5,10004.0,1.0,10005.0,20.0,9997.0
124600,9995,21,,,,,10002,1,10005.0,21.0,,,9998.5
124700,9996,2,9995.0,20.0,,,9998,1,10004.0,2.0,10005.0,20.0,9997.0
124800,9998,9,9996.0,2.0,9995.0,23.0,10004,2,10005.0,23.0,,,10001.0
124900,9996,1,9995.0,30.0,,,10004,1,10005.0,30.0,,,10000.0
125000,9996,1,9995.0,25.0,,,10004,1,10005.0,25.0,,,10000.0
125100,9995,27,,,,,10005,27,,,,,10000.0
125200,10002,4,9996.0,1.0,9995.0,26.0,10004,1,10005.0,26.0,,,10003.0
125300,9996,2,9995.0,26.0,,,10004,2,10005.0,26.0,,,10000.0
125400,9998,8,9995.0,22.0,,,10005,22,,,,,10001.5
125500,9998,3,9996.0,2.0,9995.0,22.0,10004,2,10005.0,22.0,,,10001.0
125600,9996,2,9995.0,28.0,,,10004,2,10005.0,28.0,,,10000.0
125700,9996,2,9995.0,26.0,,,9998,2,10004.0,2.0,10005.0,26.0,9997.0
125800,9996,1,9995.0,27.0,,,9998,1,10004.0,1.0,10005.0,27.0,9997.0
125900,9996,2,9995.0,28.0,,,10000,6,10004.0,2.0,10005.0,28.0,9998.0
126000,9996,1,9995.0,21.0,,,10004,1,10005.0,21.0,,,10000.0
126100,10002,1,9998.0,10.0,9996.0,2.0,10004,2,10005.0,27.0,,,10003.0
126200,10002,7,9995.0,24.0,,,10005,24,,,,,10003.5
126300,9995,29,,,,,10005,29,,,,,10000.0
126400,9995,27,,,,,10005,27,,,,,10000.0
126500,9998,7,9996.0,2.0,9995.0,25.0,10004,2,10005.0,25.0,,,10001.0
126600,9996,1,9995.0,21.0,,,10002,5,10004.0,1.0,10005.0,21.0,9999.0
126700,10002,2,9998.0,4.0,9995.0,23.0,10005,23,,,,,10003.5
126800,9996,2,9995.0,24.0,,,10004,2,10005.0,24.0,,,10000.0
126900,9996,1,9995.0,24.0,,,10004,1,10005.0,24.0,,,10000.0
127000,9995,26,,,,,10005,26,,,,,10000.0
127100,9995,27,,,,,10005,27,,,,,10000.0
127200,9996,2,9995.0,24.0,,,10004,2,10005.0,24.0,,,10000.0
127300,9995,28,,,,,10005,28,,,,,10000.0
127400,9998,5,9995.0,27.0,,,10005,27,,,,,10001.5
127500,9996,2,9995.0,29.0,,,9998,3,10004.0,2.0,10005.0,29.0,9997.0
127600,9995,27,,,,,10002,6,10005.0,27.0,,,9998.5
127700,9998,8,9995.0,20.0,,,10005,20,,,,,10001.5
127800,9996,1,9995.0,27.0,,,10004,1,10005.0,27.0,,,10000.0
127900,9996,2,9995.0,27.0,,,10004,2,10005.0,27.0,,,10000.0
128000,9996,2,9995.0,20.0,,,10004,2,10005.0,20.0,,,10000.0
128100,9998,5,9996.0,1.0,9995.0,29.0,10004,1,10005.0,29.0,,,10001.0
128200,10002,1,9996.0,1.0,9995.0,21.0,10004,1,10005.0,21.0,,,10003.0
128300,9995,25,,,,,10005,25,,,,,10000.0
128400,9996,1,9995.0,22.0,,,10002,5,10004.0,1.0,10005.0,22.0,9999.0
128500,9998,3,9996.0,1.0,9995.0,22.0,10004,1,10005.0,22.0,,,10001.0
128600,9996,2,9995.0,20.0,,,10004,2,10005.0,20.0,,,10000.0
128700,9995,26,,,,,10005,26,,,,,10000.0
128800,9995,21,,,,,10005,21,,,,,10000.0
128900,10002,2,9995.0,25.0,,,10005,25,,,,,10003.5
129000,9996,2,9995.0,21.0,,,10004,2,10005.0,21.0,,,10000.0
129100,9996,1,9995.0,26.0,,,10002,5,10004.0,1.0,10005.0,26.0,9999.0
129200,9998,10,9995.0,26.0,,,10005,26,,,,,10001.5
129300,9995,23,,,,,10005,23,,,,,10000.0
129400,9996,1,9995.0,24.0,,,10002,6,10004.0,1.0,10005.0,24.0,9999.0
129500,9995,20,,,,,10005,20,,,,,10000.0
129600,9998,3,9996.0,2.0,9995.0,29.0,10004,2,10005.0,29.0,,,10001.0
129700,9996,2,9995.0,21.0,,,10000,3,10004.0,2.0,10005.0,21.0,9998.0
129800,9996,1,9995.0,27.0,,,10004,1,10005.0,27.0,,,10000.0
129900,9996,2,9995.0,28.0,,,10004,2,10005.0,28.0,,,10000.0
130000,9995,29,,,,,10005,29,,,,,10000.0
130100,9996,2,9995.0,20.0,,,9998,1,10004.0,2.0,10005.0,20.0,9997.0
130200,9996,2,9995.0,21.0,,,10004,2,10005.0,21.0,,,10000.0
130300,10002,1,9996.0,1.0,9995.0,25.0,10004,1,10005.0,25.0,,,10003.0
130400,9996,1,9995.0,27.0,,,10004,1,10005.0,27.0,,,10000.0
130500,9995,21,,,,,10005,21,,,,,10000.0
130600,9995,21,,,,,10005,21,,,,,10000.0
130700,9996,2,9995.0,20.0,,,10004,2,10005.0,20.0,,,10000.0
130800,9998,2,9995.0,23.0,,,10005,23,,,,,10001.5
130900,9996,2,9995.0,30.0,,,10004,2,10005.0,30.0,,,10000.0
131000,9995,26,,,,,10005,26,,,,,10000.0
131100,9996,2,9995.0,20.0,,,10004,2,10005.0,20.0,,,10000.0
131200,9998,6,9995.0,30.0,,,10005,30,,,,,10001.5
131300,9996,1,9995.0,20.0,,,10004,1,10005.0,20.0,,,10000.0
131400,9995,21,,,,,9998,1,10005.0,21.0,,,9996.5
131500,9995,26,,,,,10005,26,,,,,10000.0
131600,10002,1,9995.0,30.0,,,10005,30,,,,,10003.5
131700,9998,10,9996.0,1.0,9995.0,29.0,10004,1,10005.0,29.0,,,10001.0
131800,9996,1,9995.0,27.0,,,10002,7,10004.0,1.0,10005.0,27.0,9999.0
131900,9996,2,9995.0,25.0,,,10004,2,10005.0,25.0,,,10000.0
132000,9998,2,9996.0,2.0,9995.0,26.0,10004,2,10005.0,26.0,,,10001.0
132100,9998,3,9995.0,24.0,,,10005,24,,,,,10001.5
132200,9996,2,9995.0,27.0,,,10002,1,10004.0,2.0,10005.0,27.0,9999.0
132300,10002,4,9995.0,24.0,,,10005,24,,,,,10003.5
132400,9996,1,9995.0,22.0,,,10004,1,10005.0,22.0,,,10000.0
132500,9998,8,9996.0,2.0,9995.0,28.0,10004,2,10005.0,28.0,,,10001.0
132600,9995,29,,,,,10005,29,,,,,10000.0
132700,9995,23,,,,,10005,23,,,,,10000.0
132800,9996,2,9995.0,23.0,,,10004,2,10005.0,23.0,,,10000.0
132900,9996,2,9995.0,30.0,,,9998,1,10002.0,1.0,10004.0,2.0,9997.0
133000,9995,23,,,,,10005,23,,,,,10000.0
133100,10002,5,9996.0,1.0,9995.0,23.0,10004,1,10005.0,23.0,,,10003.0
133200,9996,1,9995.0,27.0,,,10004,1,10005.0,27.0,,,10000.0
133300,9996,2,9995.0,30.0,,,10004,2,10005.0,30.0,,,10000.0
133400,9998,2,9996.0,1.0,9995.0,29.0,10004,1,10005.0,29.0,,,10001.0
133500,9996,2,9995.0,28.0,,,10004,2,10005.0,28.0,,,10000.0
133600,9996,2,9995.0,21.0,,,10004,2,10005.0,21.0,,,10000.0
133700,9996,2,9995.0,26.0,,,10004,2,10005.0,26.0,,,10000.0
133800,9996,2,9995.0,21.0,,,10002,8,10004.0,2.0,10005.0,21.0,9999.0
133900,9998,7,9996.0,2.0,9995.0,22.0,10004,2,10005.0,22.0,,,10001.0
134000,9995,24,,,,,10000,3,10005.0,24.0,,,9997.5
134100,9998,8,9996.0,1.0,9995.0,23.0,10004,1,10005.0,23.0,,,10001.0
134200,10002,1,9995.0,29.0,,,10005,29,,,,,10003.5
134300,10002,1,9996.0,2.0,9995.0,30.0,10004,2,10005.0,30.0,,,10003.0
134400,9998,8,9996.0,2.0,9995.0,23.0,10004,2,10005.0,23.0,,,10001.0
134500,9995,24,,,,,10005,24,,,,,10000.0
134600,10000,5,9996.0,1.0,9995.0,22.0,10004,1,10005.0,22.0,,,10002.0
134700,10002,4,9996.0,1.0,9995.0,20.0,10004,1,10005.0,20.0,,,10003.0
134800,9996,2,9995.0,30.0,,,10002,4,10004.0,2.0,10005.0,30.0,9999.0
134900,9996,2,9995.0,21.0,,,9998,1,10004.0,2.0,10005.0,21.0,9997.0
135000,9996,1,9995.0,22.0,,,10004,1,10005.0,22.0,,,10000.0
135100,9996,2,9995.0,20.0,,,10004,2,10005.0,20.0,,,10000.0
135200,9998,5,9996.0,1.0,9995.0,20.0,10004,1,10005.0,20.0,,,10001.0
135300,9995,20,,,,,10005,20,,,,,10000.0
135400,9996,1,9995.0,29.0,,,10004,1,10005.0,29.0,,,10000.0
135500,9996,1,9995.0,29.0,,,10004,1,10005.0,29.0,,,10000.0
135600,10002,1,9995.0,21.0,,,10005,21,,,,,10003.5
135700,9995,26,,,,,10005,26,,,,,10000.0
135800,9995,24,,,,,10000,3,10005.0,24.0,,,9997.5
135900,9995,27,,,,,10005,27,,,,,10000.0
136000,9996,1,9995.0,30.0,,,9998,1,10004.0,1.0,10005.0,30.0,9997.0
136100,9995,29,,,,,10002,5,10005.0,29.0,,,9998.5
136200,9998,2,9996.0,1.0,9995.0,28.0,10004,1,10005.0,28.0,,,10001.0
136300,10002,1,9998.0,4.0,9996.0,2.0,10004,2,10005.0,30.0,,,10003.0
136400,9996,2,9995.0,28.0,,,10004,2,10005.0,28.0,,,10000.0
136500,9996,2,9995.0,24.0,,,10004,2,10005.0,24.0,,,10000.0
136600,9998,1,9995.0,25.0,,,10005,25,,,,,10001.5
136700,9995,24,,,,,10005,24,,,,,10000.0
136800,10002,1,9996.0,2.0,9995.0,26.0,10004,2,10005.0,26.0,,,10003.0
136900,9995,23,,,,,10005,23,,,,,10000.0
137000,9996,1,9995.0,28.0,,,10004,1,10005.0,28.0,,,10000.0
137100,9995,24,,,,,10002,3,10005.0,24.0,,,9998.5
137200,9995,23,,,,,10005,23,,,,,10000.0
137300,9996,1,9995.0,27.0,,,10004,1,10005.0,27.0,,,10000.0
137400,9996,2,9995.0,27.0,,,10002,6,10004.0,2.0,10005.0,27.0,9999.0
137500,9996,1,9995.0,29.0,,,9998,1,10004.0,1.0,10005.0,29.0,9997.0
137600,9996,1,9995.0,21.0,,,10004,1,10005.0,21.0,,,10000.0
137700,9996,1,9995.0,27.0,,,9998,8,10004.0,1.0,10005.0,27.0,9997.0
137800,9996,1,9995.0,22.0,,,10004,1,10005.0,22.0,,,10000.0
137900,9996,1,9995.0,28.0,,,10004,1,10005.0,28.0,,,10000.0
138000,9995,30,,,,,10005,30,,,,,10000.0
138100,9996,2,9995.0,29.0,,,10004,2,10005.0,29.0,,,10000.0
138200,9996,2,9995.0,22.0,,,9998,1,10004.0,2.0,10005.0,22.0,9997.0
138300,9995,30,,,,,10005,30,,,,,10000.0
138400,9996,2,9995.0,24.0,,,9998,1,10002.0,5.0,10004.0,2.0,9997.0
138500,9996,2,9995.0,22.0,,,10002,3,10004.0,2.0,10005.0,22.0,9999.0
138600,9998,4,9996.0,1.0,9995.0,30.0,10000,2,10004.0,1.0,10005.0,30.0,9999.0
138700,9998,6,9996.0,2.0,9995.0,23.0,10004,2,10005.0,23.0,,,10001.0
138800,9996,2,9995.0,29.0,,,10002,1,10004.0,2.0,10005.0,29.0,9999.0
138900,9996,1,9995.0,21.0,,,10004,1,10005.0,21.0,,,10000.0
139000,9996,1,9995.0,30.0,,,10004,1,10005.0,30.0,,,10000.0
139100,9996,2,9995.0,22.0,,,10004,2,10005.0,22.0,,,10000.0
139200,9998,3,9996.0,2.0,9995.0,24.0,10004,2,10005.0,24.0,,,10001.0
139300,9996,2,9995.0,20.0,,,10004,2,10005.0,20.0,,,10000.0
139400,10002,5,9996.0,1.0,9995.0,24.0,10004,1,10005.0,24.0,,,10003.0
139500,9996,1,9995.0,20.0,,,10002,2,10004.0,1.0,10005.0,20.0,9999.0
139600,9995,25,,,,,9998,1,10005.0,25.0,,,9996.5
139700,9996,2,9995.0,25.0,,,10002,2,10004.0,2.0,10005.0,25.0,9999.0
139800,9998,3,9996.0,1.0,9995.0,26.0,10004,1,10005.0,26.0,,,10001.0
139900,9996,1,9995.0,22.0,,,10004,1,10005.0,22.0,,,10000.0
140000,9996,2,9995.0,22.0,,,10004,2,10005.0,22.0,,,10000.0
140100,9995,27,,,,,10005,27,,,,,10000.0
140200,9996,2,9995.0,28.0,,,10004,2,10005.0,28.0,,,10000.0
140300,10002,1,9998.0,1.0,9996.0,2.0,10004,2,10005.0,26.0,,,10003.0
140400,9995,27,,,,,10005,27,,,,,10000.0
140500,9996,1,9995.0,26.0,,,10004,1,10005.0,26.0,,,10000.0
140600,9996,2,9995.0,27.0,,,10000,3,10002.0,1.0,10004.0,2.0,9998.0
140700,9996,1,9995.0,21.0,,,10004,1,10005.0,21.0,,,10000.0
140800,9998,7,9995.0,26.0,,,10005,26,,,,,10001.5
140900,9995,28,,,,,10005,28,,,,,10000.0
141000,9998,3,9996.0,2.0,9995.0,20.0,10004,2,10005.0,20.0,,,10001.0
141100,9995,28,,,,,10005,28,,,,,10000.0
141200,9995,24,,,,,10002,1,10005.0,24.0,,,9998.5
141300,9995,22,,,,,10005,22,,,,,10000.0
141400,9996,2,9995.0,26.0,,,10002,2,10004.0,2.0,10005.0,26.0,9999.0
141500,9995,27,,,,,10005,27,,,,,10000.0
141600,9996,2,9995.0,29.0,,,10002,5,10004.0,2.0,10005.0,29.0,9999.0
141700,9995,22,,,,,10005,22,,,,,10000.0
141800,9996,2,9995.0,24.0,,,10004,2,10005.0,24.0,,,10000.0
141900,9996,2,9995.0,20.0,,,10004,2,10005.0,20.0,,,10000.0
142000,9998,5,9995.0,26.0,,,10005,26,,,,,10001.5
142100,9996,1,9995.0,30.0,,,10004,1,10005.0,30.0,,,10000.0
142200,9996,2,9995.0,22.0,,,10004,2,10005.0,22.0,,,10000.0
142300,9996,2,9995.0,23.0,,,10004,2,10005.0,23.0,,,10000.0
142400,10002,3,9996.0,2.0,9995.0,29.0,10004,2,10005.0,29.0,,,10003.0
142500,9996,1,9995.0,22.0,,,10004,1,10005.0,22.0,,,10000.0
142600,9996,1,9995.0,28.0,,,10004,1,10005.0,28.0,,,10000.0
142700,10002,5,9996.0,1.0,9995.0,28.0,10004,1,10005.0,28.0,,,10003.0
142800,9998,1,9996.0,2.0,9995.0,21.0,10004,2,10005.0,21.0,,,10001.0
142900,9995,27,,,,,9998,1,10005.0,27.0,,,9996.5
143000,9996,2,9995.0,23.0,,,10002,2,10004.0,2.0,10005.0,23.0,9999.0
143100,9996,1,9995.0,29.0,,,10004,1,10005.0,29.0,,,10000.0
143200,9996,2,9995.0,30.0,,,10004,2,10005.0,30.0,,,10000.0
143300,9996,1,9995.0,26.0,,,10004,1,10005.0,26.0,,,10000.0
143400,9996,2,9995.0,26.0,,,10002,4,10004.0,2.0,10005.0,26.0,9999.0
143500,9996,2,9995.0,24.0,,,10004,2,10005.0,24.0,,,10000.0
143600,9995,22,,,,,10005,22,,,,,10000.0
143700,9996,1,9995.0,25.0,,,10004,1,10005.0,25.0,,,10000.0
143800,9996,2,9995.0,28.0,,,10002,9,10004.0,2.0,10005.0,28.0,9999.0
143900,10002,1,9996.0,1.0,9995.0,24.0,10004,1,10005.0,24.0,,,10003.0
144000,9998,6,9995.0,22.0,,,10005,22,,,,,10001.5
144100,9995,22,,,,,10005,22,,,,,10000.0
144200,9996,1,9995.0,22.0,,,10002,5,10004.0,1.0,10005.0,22.0,9999.0
144300,9998,6,9995.0,28.0,,,10005,28,,,,,10001.5
144400,9996,2,9995.0,28.0,,,10004,2,10005.0,28.0,,,10000.0
144500,9996,2,9995.0,24.0,,,10004,2,10005.0,24.0,,,10000.0
144600,10002,2,9998.0,9.0,9996.0,1.0,10004,1,10005.0,23.0,,,10003.0
144700,9996,2,9995.0,20.0,,,10004,2,10005.0,20.0,,,10000.0
144800,9995,24,,,,,10002,7,10005.0,24.0,,,9998.5
144900,9998,8,9996.0,2.0,9995.0,28.0,10004,2,10005.0,28.0,,,10001.0
145000,9998,9,9995.0,25.0,,,10005,25,,,,,10001.5
145100,9995,26,,,,,10005,26,,,,,10000.0
145200,9996,1,9995.0,24.0,,,10004,1,10005.0,24.0,,,10000.0
145300,9996,2,9995.0,23.0,,,9998,3,10004.0,2.0,10005.0,23.0,9997.0
145400,9998,6,9996.0,2.0,9995.0,22.0,10004,2,10005.0,22.0,,,10001.0
145500,10002,1,9996.0,1.0,9995.0,27.0,10004,1,10005.0,27.0,,,10003.0
145600,9996,2,9995.0,25.0,,,9998,8,10004.0,2.0,10005.0,25.0,9997.0
145700,9998,5,9996.0,2.0,9995.0,20.0,10004,2,10005.0,20.0,,,10001.0
145800,9998,6,9995.0,27.0,,,10005,27,,,,,10001.5
145900,9998,6,9995.0,24.0,,,10005,24,,,,,10001.5
146000,9996,1,9995.0,26.0,,,10004,1,10005.0,26.0,,,10000.0
146100,9996,1,9995.0,21.0,,,10004,1,10005.0,21.0,,,10000.0
146200,9998,9,9996.0,2.0,9995.0,22.0,10004,2,10005.0,22.0,,,10001.0
146300,9998,1,9996.0,2.0,9995.0,27.0,10004,2,10005.0,27.0,,,10001.0
146400,9995,28,,,,,10005,28,,,,,10000.0
146500,9995,30,,,,,10005,30,,,,,10000.0
146600,10000,4,9998.0,5.0,9995.0,24.0,10005,24,,,,,10002.5
146700,9998,8,9996.0,2.0,9995.0,27.0,10004,2,10005.0,27.0,,,10001.0
146800,9995,26,,,,,10005,26,,,,,10000.0
146900,9996,2,9995.0,22.0,,,10004,2,10005.0,22.0,,,10000.0
147000,9996,1,9995.0,24.0,,,10002,10,10004.0,1.0,10005.0,24.0,9999.0
147100,9996,2,9995.0,27.0,,,10004,2,10005.0,27.0,,,10000.0
147200,9995,21,,,,,10005,21,,,,,10000.0
147300,10000,3,9996.0,2.0,9995.0,28.0,10002,7,10004.0,2.0,10005.0,28.0,10001.0
147400,9996,1,9995.0,29.0,,,10004,1,10005.0,29.0,,,10000.0
147500,9995,20,,,,,10005,20,,,,,10000.0
147600,9996,2,9995.0,23.0,,,10004,2,10005.0,23.0,,,10000.0
147700,10002,1,9995.0,27.0,,,10005,27,,,,,10003.5
147800,9996,2,9995.0,27.0,,,10002,1,10004.0,2.0,10005.0,27.0,9999.0
147900,9996,1,9995.0,20.0,,,10004,1,10005.0,20.0,,,10000.0
148000,9996,2,9995.0,29.0,,,10002,9,10004.0,2.0,10005.0,29.0,9999.0
148100,9995,30,,,,,10005,30,,,,,10000.0
148200,9998,5,9996.0,1.0,9995.0,26.0,10004,1,10005.0,26.0,,,10001.0
148300,9996,2,9995.0,25.0,,,10004,2,10005.0,25.0,,,10000.0
148400,9996,1,9995.0,20.0,,,10004,1,10005.0,20.0,,,10000.0
148500,9996,2,9995.0,20.0,,,10004,2,10005.0,20.0,,,10000.0
148600,9996,1,9995.0,20.0,,,10004,1,10005.0,20.0,,,10000.0
148700,9998,4,9995.0,26.0,,,10005,26,,,,,10001.5
148800,9995,26,,,,,10002,1,10005.0,26.0,,,9998.5
148900,9996,2,9995.0,30.0,,,10004,2,10005.0,30.0,,,10000.0
149000,10002,5,9996.0,1.0,9995.0,30.0,10004,1,10005.0,30.0,,,10003.0
149100,10000,2,9996.0,1.0,9995.0,24.0,10004,1,10005.0,24.0,,,10002.0
149200,10002,1,9998.0,1.0,9996.0,2.0,10004,2,10005.0,22.0,,,10003.0
149300,9996,1,9995.0,26.0,,,10004,1,10005.0,26.0,,,10000.0
149400,9996,1,9995.0,26.0,,,10004,1,10005.0,26.0,,,10000.0
149500,9996,2,9995.0,29.0,,,10004,2,10005.0,29.0,,,10000.0
149600,9995,30,,,,,10002,2,10005.0,30.0,,,9998.5
149700,10002,6,9996.0,1.0,9995.0,28.0,10004,1,10005.0,28.0,,,10003.0
149800,10002,5,9996.0,1.0,9995.0,20.0,10004,1,10005.0,20.0,,,10003.0
149900,9996,2,9995.0,28.0,,,10004,2,10005.0,28.0,,,10000.0
150000,9996,1,9995.0,30.0,,,10004,1,10005.0,30.0,,,10000.0
150100,9998,2,9996.0,1.0,9995.0,21.0,10004,1,10005.0,21.0,,,10001.0
150200,9996,2,9995.0,27.0,,,9998,1,10004.0,2.0,10005.0,27.0,9997.0
150300,9998,10,9996.0,2.0,9995.0,22.0,10004,2,10005.0,22.0,,,10001.0
150400,9996,1,9995.0,30.0,,,9998,1,10004.0,1.0,10005.0,30.0,9997.0
150500,10002,1,9995.0,29.0,,,10005,29,,,,,10003.5
150600,9995,23,,,,,10005,23,,,,,10000.0
150700,9996,2,9995.0,20.0,,,10004,2,10005.0,20.0,,,10000.0
150800,9995,30,,,,,9998,1,10005.0,30.0,,,9996.5
150900,9996,2,9995.0,22.0,,,10004,2,10005.0,22.0,,,10000.0
151000,9995,27,,,,,10005,27,,,,,10000.0
151100,9995,25,,,,,10005,25,,,,,10000.0
151200,9996,1,9995.0,23.0,,,10004,1,10005.0,23.0,,,10000.0
151300,9995,27,,,,,10005,27,,,,,10000.0
151400,9995,22,,,,,10005,22,,,,,10000.0
151500,9996,2,9995.0,30.0,,,10002,9,10004.0,2.0,10005.0,30.0,9999.0
151600,10002,3,9998.0,1.0,9995.0,20.0,10005,20,,,,,10003.5
151700,9996,1,9995.0,29.0,,,10004,1,10005.0,29.0,,,10000.0
151800,9998,2,9996.0,1.0,9995.0,29.0,10004,1,10005.0,29.0,,,10001.0
151900,9995,27,,,,,10005,27,,,,,10000.0
152000,9995,23,,,,,9998,11,10005.0,23.0,,,9996.5
152100,9995,28,,,,,10005,28,,,,,10000.0
152200,9995,28,,,,,10002,2,10005.0,28.0,,,9998.5
152300,9996,2,9995.0,25.0,,,10004,2,10005.0,25.0,,,10000.0
152400,9996,2,9995.0,22.0,,,10004,2,10005.0,22.0,,,10000.0
152500,9996,2,9995.0,30.0,,,10002,5,10004.0,2.0,10005.0,30.0,9999.0
152600,9995,27,,,,,10005,27,,,,,10000.0
152700,9995,26,,,,,10005,26,,,,,10000.0
152800,9998,5,9995.0,29.0,,,10005,29,,,,,10001.5
152900,10000,5,9998.0,1.0,9996.0,1.0,10004,1,10005.0,25.0,,,10002.0
153000,9995,30,,,,,10002,9,10005.0,30.0,,,9998.5
153100,9995,21,,,,,10005,21,,,,,10000.0
153200,9998,3,9996.0,2.0,9995.0,20.0,10004,2,10005.0,20.0,,,10001.0
153300,9995,24,,,,,10005,24,,,,,10000.0
153400,9995,20,,,,,10005,20,,,,,10000.0
153500,9995,21,,,,,9998,1,10005.0,21.0,,,9996.5
153600,9998,5,9996.0,1.0,9995.0,21.0,10004,1,10005.0,21.0,,,10001.0
153700,9996,1,9995.0,20.0,,,10004,1,10005.0,20.0,,,10000.0
153800,9995,27,,,,,10005,27,,,,,10000.0
153900,9996,2,9995.0,25.0,,,10004,2,10005.0,25.0,,,10000.0
154000,9995,29,,,,,10005,29,,,,,10000.0
154100,9995,20,,,,,10005,20,,,,,10000.0
154200,9998,5,9996.0,1.0,9995.0,28.0,10004,1,10005.0,28.0,,,10001.0
154300,9996,1,9995.0,20.0,,,10004,1,10005.0,20.0,,,10000.0
154400,9996,1,9995.0,28.0,,,10004,1,10005.0,28.0,,,10000.0
154500,9995,25,,,,,10002,3,10005.0,25.0,,,9998.5
154600,9996,1,9995.0,26.0,,,10004,1,10005.0,26.0,,,10000.0
154700,9995,30,,,,,10005,30,,,,,10000.0
154800,10002,1,9998.0,8.0,9996.0,1.0,10004,1,10005.0,28.0,,,10003.0
154900,9995,28,,,,,9998,1,10005.0,28.0,,,9996.5
155000,9995,22,,,,,10005,22,,,,,10000.0
155100,9995,28,,,,,10005,28,,,,,10000.0
155200,10002,1,9995.0,28.0,,,10005,28,,,,,10003.5
155300,9998,8,9995.0,27.0,,,10005,27,,,,,10001.5
155400,9995,23,,,,,10005,23,,,,,10000.0
155500,9996,1,9995.0,28.0,,,9998,1,10002.0,6.0,10004.0,1.0,9997.0
155600,9996,2,9995.0,30.0,,,10004,2,10005.0,30.0,,,10000.0
155700,9995,22,,,,,10005,22,,,,,10000.0
155800,9996,2,9995.0,28.0,,,10002,5,10004.0,2.0,10005.0,28.0,9999.0
155900,9996,2,9995.0,28.0,,,10004,2,10005.0,28.0,,,10000.0
156000,9998,9,9996.0,1.0,9995.0,25.0,10004,1,10005.0,25.0,,,10001.0
156100,9998,6,9996.0,1.0,9995.0,27.0,10004,1,10005.0,27.0,,,10001.0
156200,9996,2,9995.0,22.0,,,10004,2,10005.0,22.0,,,10000.0
156300,9996,1,9995.0,28.0,,,10004,1,10005.0,28.0,,,10000.0
156400,10002,1,9995.0,23.0,,,10005,23,,,,,10003.5
156500,9996,2,9995.0,27.0,,,10002,2,10004.0,2.0,10005.0,27.0,9999.0
156600,9996,1,9995.0,23.0,,,10004,1,10005.0,23.0,,,10000.0
156700,9998,6,9995.0,27.0,,,10005,27,,,,,10001.5
156800,9998,7,9996.0,2.0,9995.0,22.0,10004,2,10005.0,22.0,,,10001.0
156900,9996,1,9995.0,24.0,,,10004,1,10005.0,24.0,,,10000.0
157000,9996,1,9995.0,21.0,,,10004,1,10005.0,21.0,,,10000.0
157100,9996,2,9995.0,22.0,,,9998,1,10002.0,2.0,10004.0,2.0,9997.0
157200,9995,22,,,,,10002,3,10005.0,22.0,,,9998.5
157300,9995,22,,,,,10000,4,10005.0,22.0,,,9997.5
157400,10002,1,9996.0,2.0,9995.0,23.0,10004,2,10005.0,23.0,,,10003.0
157500,9995,26,,,,,10005,26,,,,,10000.0
157600,9996,1,9995.0,23.0,,,10004,1,10005.0,23.0,,,10000.0
157700,9996,2,9995.0,23.0,,,10002,6,10004.0,2.0,10005.0,23.0,9999.0
157800,9996,1,9995.0,22.0,,,10002,4,10004.0,1.0,10005.0,22.0,9999.0
157900,9995,24,,,,,10002,4,10005.0,24.0,,,9998.5
158000,9996,2,9995.0,27.0,,,10004,2,10005.0,27.0,,,10000.0
158100,9996,2,9995.0,21.0,,,10004,2,10005.0,21.0,,,10000.0
158200,10002,1,9996.0,1.0,9995.0,25.0,10004,1,10005.0,25.0,,,10003.0
158300,9996,1,9995.0,30.0,,,9998,5,10004.0,1.0,10005.0,30.0,9997.0
158400,9996,1,9995.0,30.0,,,9998,5,10004.0,1.0,10005.0,30.0,9997.0
158500,9996,1,9995.0,21.0,,,10004,1,10005.0,21.0,,,10000.0
158600,9995,27,,,,,10005,27,,,,,10000.0
158700,9995,29,,,,,10005,29,,,,,10000.0
158800,9995,24,,,,,10005,24,,,,,10000.0
158900,9996,2,9995.0,30.0,,,10004,2,10005.0,30.0,,,10000.0
159000,9996,1,9995.0,26.0,,,10002,7,10004.0,1.0,10005.0,26.0,9999.0
159100,9996,1,9995.0,25.0,,,10004,1,10005.0,25.0,,,10000.0
159200,9995,30,,,,,10002,1,10005.0,30.0,,,9998.5
159300,9995,21,,,,,10005,21,,,,,10000.0
159400,10000,6,9998.0,6.0,9996.0,1.0,10004,1,10005.0,23.0,,,10002.0
159500,9996,1,9995.0,25.0,,,10004,1,10005.0,25.0,,,10000.0
159600,9998,8,9996.0,1.0,9995.0,23.0,10004,1,10005.0,23.0,,,10001.0
159700,9996,1,9995.0,29.0,,,9998,4,10004.0,1.0,10005.0,29.0,9997.0
159800,9995,20,,,,,10002,3,10005.0,20.0,,,9998.5
159900,9998,2,9996.0,1.0,9995.0,24.0,10000,5,10004.0,1.0,10005.0,24.0,9999.0
160000,9996,2,9995.0,24.0,,,10004,2,10005.0,24.0,,,10000.0
160100,9996,2,9995.0,24.0,,,10004,2,10005.0,24.0,,,10000.0
160200,9998,4,9996.0,1.0,9995.0,23.0,10004,1,10005.0,23.0,,,10001.0
160300,9996,1,9995.0,25.0,,,9998,1,10004.0,1.0,10005.0,25.0,9997.0
160400,9995,23,,,,,9998,1,10002.0,8.0,10005.0,23.0,9996.5
160500,9998,4,9996.0,2.0,9995.0,22.0,10004,2,10005.0,22.0,,,10001.0
160600,10002,1,9996.0,2.0,9995.0,20.0,10004,2,10005.0,20.0,,,10003.0
160700,9995,24,,,,,10005,24,,,,,10000.0
160800,10002,2,9996.0,2.0,9995.0,27.0,10004,2,10005.0,27.0,,,10003.0
160900,10000,3,9996.0,1.0,9995.0,29.0,10004,1,10005.0,29.0,,,10002.0
161000,9995,27,,,,,10002,3,10005.0,27.0,,,9998.5
161100,9995,28,,,,,10002,10,10005.0,28.0,,,9998.5
161200,9996,1,9995.0,30.0,,,10004,1,10005.0,30.0,,,10000.0
161300,9995,20,,,,,10005,20,,,,,10000.0
161400,9998,7,9996.0,1.0,9995.0,26.0,10004,1,10005.0,26.0,,,10001.0
161500,9995,22,,,,,10005,22,,,,,10000.0
161600,9996,2,9995.0,20.0,,,9998,1,10004.0,2.0,10005.0,20.0,9997.0
161700,9996,1,9995.0,25.0,,,10004,1,10005.0,25.0,,,10000.0
161800,9995,21,,,,,10005,21,,,,,10000.0
161900,9998,9,9996.0,1.0,9995.0,22.0,10004,1,10005.0,22.0,,,10001.0
162000,9998,1,9995.0,23.0,,,10005,23,,,,,10001.5
162100,9998,4,9996.0,1.0,9995.0,24.0,10004,1,10005.0,24.0,,,10001.0
162200,9995,20,,,,,10002,10,10005.0,20.0,,,9998.5
162300,9996,2,9995.0,28.0,,,10004,2,10005.0,28.0,,,10000.0
162400,9996,2,9995.0,22.0,,,10000,5,10004.0,2.0,10005.0,22.0,9998.0
162500,9998,2,9996.0,2.0,9995.0,22.0,10004,2,10005.0,22.0,,,10001.0
162600,9995,21,,,,,10000,5,10002.0,3.0,10005.0,21.0,9997.5
162700,9996,1,9995.0,23.0,,,10004,1,10005.0,23.0,,,10000.0
162800,9998,5,9996.0,2.0,9995.0,27.0,10004,2,10005.0,27.0,,,10001.0
162900,9995,23,,,,,10005,23,,,,,10000.0
163000,9996,1,9995.0,29.0,,,10004,1,10005.0,29.0,,,10000.0
163100,9996,1,9995.0,27.0,,,9998,4,10002.0,7.0,10004.0,1.0,9997.0
163200,9995,21,,,,,9998,1,10005.0,21.0,,,9996.5
163300,9995,27,,,,,10005,27,,,,,10000.0
163400,9995,22,,,,,10005,22,,,,,10000.0
163500,10002,3,9996.0,2.0,9995.0,28.0,10004,2,10005.0,28.0,,,10003.0
163600,9996,1,9995.0,27.0,,,10004,1,10005.0,27.0,,,10000.0
163700,9996,1,9995.0,25.0,,,10004,1,10005.0,25.0,,,10000.0
163800,9996,1,9995.0,25.0,,,9998,1,10004.0,1.0,10005.0,25.0,9997.0
163900,9996,1,9995.0,23.0,,,10004,1,10005.0,23.0,,,10000.0
164000,9996,2,9995.0,29.0,,,9998,1,10004.0,2.0,10005.0,29.0,9997.0
164100,9996,2,9995.0,22.0,,,10002,8,10004.0,2.0,10005.0,22.0,9999.0
164200,9996,1,9995.0,24.0,,,10004,1,10005.0,24.0,,,10000.0
164300,9998,7,9996.0,1.0,9995.0,23.0,10004,1,10005.0,23.0,,,10001.0
164400,9998,7,9996.0,2.0,9995.0,24.0,10004,2,10005.0,24.0,,,10001.0
164500,9996,1,9995.0,26.0,,,10004,1,10005.0,26.0,,,10000.0
164600,9996,1,9995.0,22.0,,,9998,1,10004.0,1.0,10005.0,22.0,9997.0
164700,9998,5,9996.0,2.0,9995.0,24.0,10004,2,10005.0,24.0,,,10001.0
164800,9996,2,9995.0,21.0,,,10004,2,10005.0,21.0,,,10000.0
164900,9996,1,9995.0,28.0,,,10000,5,10004.0,1.0,10005.0,28.0,9998.0
165000,9996,2,9995.0,23.0,,,10002,8,10004.0,2.0,10005.0,23.0,9999.0
165100,9998,6,9995.0,30.0,,,10005,30,,,,,10001.5
165200,9995,21,,,,,10000,6,10005.0,21.0,,,9997.5
165300,9995,22,,,,,10005,22,,,,,10000.0
165400,9995,24,,,,,10005,24,,,,,10000.0
165500,10000,4,9998.0,6.0,9996.0,1.0,10004,1,10005.0,21.0,,,10002.0
165600,9996,1,9995.0,25.0,,,9998,1,10004.0,1.0,10005.0,25.0,9997.0
165700,9996,2,9995.0,29.0,,,10002,6,10004.0,2.0,10005.0,29.0,9999.0
165800,9995,26,,,,,10002,3,10005.0,26.0,,,9998.5
165900,9995,30,,,,,9998,1,10005.0,30.0,,,9996.5
166000,9996,1,9995.0,23.0,,,10004,1,10005.0,23.0,,,10000.0
166100,9995,27,,,,,10002,8,10005.0,27.0,,,9998.5
166200,9996,1,9995.0,23.0,,,9998,1,10004.0,1.0,10005.0,23.0,9997.0
166300,9995,30,,,,,10005,30,,,,,10000.0
166400,9995,29,,,,,10005,29,,,,,10000.0
166500,9996,2,9995.0,22.0,,,10004,2,10005.0,22.0,,,10000.0
166600,9996,1,9995.0,20.0,,,10004,1,10005.0,20.0,,,10000.0
166700,9996,1,9995.0,28.0,,,10004,1,10005.0,28.0,,,10000.0
166800,9996,2,9995.0,26.0,,,10004,2,10005.0,26.0,,,10000.0
166900,9996,2,9995.0,24.0,,,10004,2,10005.0,24.0,,,10000.0
167000,9996,1,9995.0,27.0,,,10004,1,10005.0,27.0,,,10000.0
167100,9996,1,9995.0,27.0,,,10002,7,10004.0,1.0,10005.0,27.0,9999.0
167200,9996,1,9995.0,28.0,,,10002,9,10004.0,1.0,10005.0,28.0,9999.0
167300,9995,28,,,,,10002,4,10005.0,28.0,,,9998.5
167400,9996,1,9995.0,26.0,,,10002,7,10004.0,1.0,10005.0,26.0,9999.0
167500,9996,2,9995.0,21.0,,,10004,2,10005.0,21.0,,,10000.0
167600,9995,29,,,,,10005,29,,,,,10000.0
167700,9996,2,9995.0,26.0,,,9998,4,10004.0,2.0,10005.0,26.0,9997.0
167800,9995,22,,,,,9998,1,10005.0,22.0,,,9996.5
167900,9996,2,9995.0,30.0,,,9998,1,10004.0,2.0,10005.0,30.0,9997.0
168000,9995,29,,,,,10005,29,,,,,10000.0
168100,9996,2,9995.0,24.0,,,9998,1,10004.0,2.0,10005.0,24.0,9997.0
168200,9995,25,,,,,10005,25,,,,,10000.0
168300,9996,1,9995.0,28.0,,,10002,5,10004.0,1.0,10005.0,28.0,9999.0
168400,9996,1,9995.0,24.0,,,10002,8,10004.0,1.0,10005.0,24.0,9999.0
168500,10002,1,9998.0,3.0,9996.0,2.0,10004,2,10005.0,23.0,,,10003.0
168600,9998,7,9996.0,1.0,9995.0,21.0,10004,1,10005.0,21.0,,,10001.0
168700,9996,2,9995.0,23.0,,,10004,2,10005.0,23.0,,,10000.0
168800,9995,25,,,,,10005,25,,,,,10000.0
168900,9995,20,,,,,10005,20,,,,,10000.0
169000,9996,2,9995.0,26.0,,,10004,2,10005.0,26.0,,,10000.0
169100,9996,2,9995.0,25.0,,,10004,2,10005.0,25.0,,,10000.0
169200,9996,2,9995.0,20.0,,,10004,2,10005.0,20.0,,,10000.0
169300,9995,29,,,,,10005,29,,,,,10000.0
169400,9995,23,,,,,10005,23,,,,,10000.0
169500,9996,2,9995.0,23.0,,,10004,2,10005.0,23.0,,,10000.0
169600,9996,2,9995.0,24.0,,,10004,2,10005.0,24.0,,,10000.0
169700,9998,3,9996.0,2.0,9995.0,28.0,10004,2,10005.0,28.0,,,10001.0
169800,9996,2,9995.0,30.0,,,10004,2,10005.0,30.0,,,10000.0
169900,9995,30,,,,,10005,30,,,,,10000.0
170000,9996,2,9995.0,24.0,,,10004,2,10005.0,24.0,,,10000.0
170100,9996,2,9995.0,30.0,,,10002,10,10004.0,2.0,10005.0,30.0,9999.0
170200,9995,22,,,,,10002,5,10005.0,22.0,,,9998.5
170300,9998,4,9996.0,1.0,9995.0,22.0,10004,1,10005.0,22.0,,,10001.0
170400,10002,11,9996.0,1.0,9995.0,30.0,10004,1,10005.0,30.0,,,10003.0
170500,9996,2,9995.0,30.0,,,10004,2,10005.0,30.0,,,10000.0
170600,9995,24,,,,,10005,24,,,,,10000.0
170700,9998,2,9996.0,1.0,9995.0,28.0,10004,1,10005.0,28.0,,,10001.0
170800,9996,1,9995.0,25.0,,,10004,1,10005.0,25.0,,,10000.0
170900,9996,2,9995.0,26.0,,,10002,3,10004.0,2.0,10005.0,26.0,9999.0
171000,9995,27,,,,,10005,27,,,,,10000.0
171100,10002,3,9998.0,5.0,9996.0,2.0,10004,2,10005.0,28.0,,,10003.0
171200,9995,21,,,,,10005,21,,,,,10000.0
171300,9995,25,,,,,10005,25,,,,,10000.0
171400,10002,5,9996.0,1.0,9995.0,29.0,10004,1,10005.0,29.0,,,10003.0
171500,10002,1,9996.0,1.0,9995.0,22.0,10004,1,10005.0,22.0,,,10003.0
171600,9996,2,9995.0,30.0,,,9998,11,10004.0,2.0,10005.0,30.0,9997.0
171700,9996,1,9995.0,22.0,,,10004,1,10005.0,22.0,,,10000.0
171800,9995,27,,,,,10005,27,,,,,10000.0
171900,10002,1,9996.0,2.0,9995.0,24.0,10004,2,10005.0,24.0,,,10003.0
172000,9996,1,9995.0,27.0,,,10004,1,10005.0,27.0,,,10000.0
172100,10002,1,9996.0,2.0,9995.0,23.0,10004,2,10005.0,23.0,,,10003.0
172200,9996,1,9995.0,25.0,,,10004,1,10005.0,25.0,,,10000.0
172300,9996,2,9995.0,20.0,,,10004,2,10005.0,20.0,,,10000.0
172400,9996,1,9995.0,22.0,,,10004,1,10005.0,22.0,,,10000.0
172500,9996,2,9995.0,20.0,,,10004,2,10005.0,20.0,,,10000.0
172600,9996,1,9995.0,28.0,,,10004,1,10005.0,28.0,,,10000.0
172700,9996,2,9995.0,27.0,,,9998,3,10004.0,2.0,10005.0,27.0,9997.0
172800,9995,20,,,,,10005,20,,,,,10000.0
172900,9995,27,,,,,10005,27,,,,,10000.0
173000,9996,1,9995.0,30.0,,,10004,1,10005.0,30.0,,,10000.0
173100,9996,1,9995.0,20.0,,,10004,1,10005.0,20.0,,,10000.0
173200,9995,23,,,,,10005,23,,,,,10000.0
173300,9996,1,9995.0,26.0,,,10004,1,10005.0,26.0,,,10000.0
173400,9996,1,9995.0,25.0,,,10002,9,10004.0,1.0,10005.0,25.0,9999.0
173500,9996,1,9995.0,30.0,,,9998,3,10004.0,1.0,10005.0,30.0,9997.0
173600,9998,7,9996.0,1.0,9995.0,28.0,10004,1,10005.0,28.0,,,10001.0
173700,9996,1,9995.0,26.0,,,10004,1,10005.0,26.0,,,10000.0
173800,9996,1,9995.0,28.0,,,10002,6,10004.0,1.0,10005.0,28.0,9999.0
173900,9998,1,9995.0,28.0,,,10005,28,,,,,10001.5
174000,9998,9,9996.0,1.0,9995.0,24.0,10004,1,10005.0,24.0,,,10001.0
174100,9996,2,9995.0,20.0,,,10004,2,10005.0,20.0,,,10000.0
174200,9995,25,,,,,10005,25,,,,,10000.0
174300,9995,29,,,,,10002,2,10005.0,29.0,,,9998.5
174400,9996,1,9995.0,27.0,,,10004,1,10005.0,27.0,,,10000.0
174500,9995,23,,,,,10005,23,,,,,10000.0
174600,9995,23,,,,,10005,23,,,,,10000.0
174700,9996,1,9995.0,28.0,,,10004,1,10005.0,28.0,,,10000.0
174800,9995,22,,,,,10005,22,,,,,10000.0
174900,9998,2,9996.0,1.0,9995.0,30.0,10004,1,10005.0,30.0,,,10001.0
175000,9995,27,,,,,10005,27,,,,,10000.0
175100,9998,1,9996.0,2.0,9995.0,25.0,10004,2,10005.0,25.0,,,10001.0
175200,9996,1,9995.0,28.0,,,10004,1,10005.0,28.0,,,10000.0
175300,9996,2,9995.0,20.0,,,10004,2,10005.0,20.0,,,10000.0
175400,9995,26,,,,,10005,26,,,,,10000.0
175500,9996,2,9995.0,27.0,,,10004,2,10005.0,27.0,,,10000.0
175600,9996,1,9995.0,25.0,,,10004,1,10005.0,25.0,,,10000.0
175700,9995,24,,,,,10005,24,,,,,10000.0
175800,9996,1,9995.0,28.0,,,10004,1,10005.0,28.0,,,10000.0
175900,9996,2,9995.0,29.0,,,10002,9,10004.0,2.0,10005.0,29.0,9999.0
176000,10002,1,9995.0,30.0,,,10005,30,,,,,10003.5
176100,9996,1,9995.0,21.0,,,10004,1,10005.0,21.0,,,10000.0
176200,9998,4,9996.0,1.0,9995.0,28.0,10004,1,10005.0,28.0,,,10001.0
176300,9996,1,9995.0,22.0,,,10002,2,10004.0,1.0,10005.0,22.0,9999.0
176400,9995,24,,,,,10002,9,10005.0,24.0,,,9998.5
176500,9995,28,,,,,10005,28,,,,,10000.0
176600,9995,23,,,,,10005,23,,,,,10000.0
176700,9995,21,,,,,10005,21,,,,,10000.0
176800,9996,1,9995.0,28.0,,,10004,1,10005.0,28.0,,,10000.0
176900,9996,1,9995.0,20.0,,,10002,8,10004.0,1.0,10005.0,20.0,9999.0
177000,9996,1,9995.0,23.0,,,10002,8,10004.0,1.0,10005.0,23.0,9999.0
177100,9998,3,9995.0,28.0,,,10005,28,,,,,10001.5
177200,9995,21,,,,,10005,21,,,,,10000.0
177300,9995,20,,,,,10005,20,,,,,10000.0
177400,9996,1,9995.0,21.0,,,10004,1,10005.0,21.0,,,10000.0
177500,9996,1,9995.0,27.0,,,10004,1,10005.0,27.0,,,10000.0
177600,9996,1,9995.0,24.0,,,9998,1,10004.0,1.0,10005.0,24.0,9997.0
177700,9996,2,9995.0,20.0,,,10004,2,10005.0,20.0,,,10000.0
177800,9995,26,,,,,10005,26,,,,,10000.0
