timestamp,day,product,bid_price_1,bid_volume_1,bid_price_2,bid_volume_2,bid_price_3,bid_volume_3,ask_price_1,ask_volume_1,ask_price_2,ask_volume_2,ask_price_3,ask_volume_3,mid_price,profit_and_loss
0,0,STARFRUIT,5036,23,,,,,5043,23,,,,,5039.5,0.0
100,0,STARFRUIT,5042,1,5039.0,2.0,5037.0,1.0,5043,22,,,,,5042.5,0.0
200,0,STARFRUIT,5037,1,5036.0,21.0,,,5043,1,5044.0,21.0,,,5040.0,0.0
300,0,STARFRUIT,5042,1,5037.0,26.0,,,5044,26,,,,,5043.0,0.0
400,0,STARFRUIT,5037,28,,,,,5044,28,,,,,5040.5,0.0
500,0,STARFRUIT,5037,24,,,,,5042,3,5044.0,24.0,,,5039.5,0.0
600,0,STARFRUIT,5041,5,5037.0,30.0,,,5044,30,,,,,5042.5,0.0
700,0,STARFRUIT,5036,22,,,,,5043,23,,,,,5039.5,0.0
800,0,STARFRUIT,5036,25,,,,,5039,3,5043.0,25.0,,,5037.5,0.0
900,0,STARFRUIT,5036,21,,,,,5043,21,,,,,5039.5,0.0
1000,0,STARFRUIT,5037,1,5036.0,30.0,,,5043,31,,,,,5040.0,0.0
1100,0,STARFRUIT,5037,22,,,,,5043,1,5044.0,21.0,,,5040.0,0.0
1200,0,STARFRUIT,5036,23,,,,,5037,1,5043.0,23.0,,,5036.5,0.0
1300,0,STARFRUIT,5036,25,,,,,5043,25,,,,,5039.5,0.0
1400,0,STARFRUIT,5036,23,,,,,5039,6,5043.0,23.0,,,5037.5,0.0
1500,0,STARFRUIT,5041,1,5036.0,21.0,,,5043,21,,,,,5042.0,0.0
1600,0,STARFRUIT,5037,30,,,,,5043,2,5044.0,28.0,,,5040.0,0.0
1700,0,STARFRUIT,5036,28,,,,,5041,8,5043.0,28.0,,,5038.5,0.0
1800,0,STARFRUIT,5040,4,5036.0,23.0,,,5044,23,,,,,5042.0,0.0
1900,0,STARFRUIT,5036,31,,,,,5043,32,,,,,5039.5,0.0
2000,0,STARFRUIT,5036,23,,,,,5043,23,,,,,5039.5,0.0
2100,0,STARFRUIT,5036,28,,,,,5041,5,5043.0,28.0,,,5038.5,0.0
2200,0,STARFRUIT,5037,4,5036.0,21.0,,,5043,21,,,,,5040.0,0.0
2300,0,STARFRUIT,5038,5,5037.0,24.0,,,5043,2,5044.0,22.0,,,5040.5,0.0
2400,0,STARFRUIT,5037,22,,,,,5043,2,5044.0,20.0,,,5040.0,0.0
2500,0,STARFRUIT,5036,23,,,,,5043,23,,,,,5039.5,0.0
2600,0,STARFRUIT,5035,30,,,,,5042,30,,,,,5038.5,0.0
2700,0,STARFRUIT,5036,7,5035.0,23.0,,,5041,2,5042.0,21.0,,,5038.5,0.0
2800,0,STARFRUIT,5035,27,,,,,5042,27,,,,,5038.5,0.0
2900,0,STARFRUIT,5035,22,,,,,5042,22,,,,,5038.5,0.0
3000,0,STARFRUIT,5040,1,5035.0,6.0,5034.0,29.0,5041,30,,,,,5040.5,0.0
3100,0,STARFRUIT,5035,1,5034.0,27.0,,,5041,28,,,,,5038.0,0.0
3200,0,STARFRUIT,5035,24,,,,,5038,5,5042.0,24.0,,,5036.5,0.0
3300,0,STARFRUIT,5034,25,,,,,5041,25,,,,,5037.5,0.0
3400,0,STARFRUIT,5034,29,,,,,5041,29,,,,,5037.5,0.0
3500,0,STARFRUIT,5034,26,,,,,5041,26,,,,,5037.5,0.0
3600,0,STARFRUIT,5034,27,,,,,5041,27,,,,,5037.5,0.0
3700,0,STARFRUIT,5034,25,,,,,5041,25,,,,,5037.5,0.0
3800,0,STARFRUIT,5034,24,,,,,5039,7,5041.0,24.0,,,5036.5,0.0
3900,0,STARFRUIT,5035,1,5034.0,26.0,,,5040,2,5041.0,24.0,,,5037.5,-12.91796875
4000,0,STARFRUIT,5034,30,,,,,5041,31,,,,,5037.5,-11.1953125
4100,0,STARFRUIT,5037,5,5035.0,2.0,5034.0,22.0,5041,24,,,,,5039.0,-7.19921875
4200,0,STARFRUIT,5034,29,,,,,5039,7,5041.0,29.0,,,5036.5,-11.390625
4300,0,STARFRUIT,5034,26,,,,,5036,2,5041.0,26.0,,,5035.0,-7.23046875
4400,0,STARFRUIT,5035,28,,,,,5042,28,,,,,5038.5,-0.52734375
4500,0,STARFRUIT,5035,26,,,,,5040,8,5042.0,26.0,,,5037.5,-0.4140625
4600,0,STARFRUIT,5035,21,,,,,5040,3,5042.0,21.0,,,5037.5,-1.41015625
4700,0,STARFRUIT,5034,26,,,,,5041,26,,,,,5037.5,-8.484375
4800,0,STARFRUIT,5039,1,5035.0,7.0,5034.0,23.0,5041,23,,,,,5040.0,-8.08984375
4900,0,STARFRUIT,5033,24,,,,,5038,6,5040.0,24.0,,,5035.5,-27.0
5000,0,STARFRUIT,5033,6,5032.0,30.0,,,5039,31,,,,,5036.0,-39.64453125
5100,0,STARFRUIT,5032,26,,,,,5039,26,,,,,5035.5,-39.919921875
5200,0,STARFRUIT,5035,5,5033.0,8.0,5032.0,23.0,5039,25,,,,,5037.0,-40.0625
5300,0,STARFRUIT,5032,22,,,,,5039,22,,,,,5035.5,-41.876953125
5400,0,STARFRUIT,5032,30,,,,,5039,30,,,,,5035.5,-40.5078125
5500,0,STARFRUIT,5032,29,,,,,5033,8,5039.0,29.0,,,5032.5,-40.71875
5600,0,STARFRUIT,5032,25,,,,,5038,2,5039.0,23.0,,,5035.0,-28.1015625
5700,0,STARFRUIT,5032,3,5031.0,31.0,,,5038,31,,,,,5035.0,-36.140625
5800,0,STARFRUIT,5031,30,,,,,5038,30,,,,,5034.5,-33.9375
5900,0,STARFRUIT,5031,23,,,,,5038,23,,,,,5034.5,-32.3046875
6000,0,STARFRUIT,5031,30,,,,,5038,30,,,,,5034.5,-33.75
6100,0,STARFRUIT,5031,25,,,,,5037,1,5038.0,24.0,,,5034.0,-41.8515625
6200,0,STARFRUIT,5036,1,5031.0,30.0,,,5038,30,,,,,5037.0,-39.5390625
6300,0,STARFRUIT,5030,22,,,,,5037,22,,,,,5033.5,-48.2109375
6400,0,STARFRUIT,5030,24,,,,,5036,1,5037.0,23.0,,,5033.0,-54.9453125
6500,0,STARFRUIT,5029,22,,,,,5036,22,,,,,5032.5,-60.40625
6600,0,STARFRUIT,5030,29,,,,,5031,7,5036.0,2.0,5037.0,27.0,5030.5,-57.46875
6700,0,STARFRUIT,5030,1,5029.0,30.0,,,5034,7,5036.0,31.0,,,5032.0,-52.0390625
6800,0,STARFRUIT,5033,4,5030.0,31.0,,,5037,31,,,,,5035.0,-43.703125
6900,0,STARFRUIT,5030,29,,,,,5035,3,5037.0,29.0,,,5032.5,-42.84375
7000,0,STARFRUIT,5030,8,5029.0,30.0,,,5036,31,,,,,5033.0,-54.171875
7100,0,STARFRUIT,5030,1,5029.0,30.0,,,5036,31,,,,,5033.0,-53.90625
7200,0,STARFRUIT,5031,6,5030.0,23.0,,,5036,1,5037.0,22.0,,,5033.5,-46.3671875
7300,0,STARFRUIT,5030,26,,,,,5036,1,5037.0,25.0,,,5033.0,-49.140625
7400,0,STARFRUIT,5030,22,,,,,5037,22,,,,,5033.5,-46.1796875
7500,0,STARFRUIT,5030,29,,,,,5035,3,5037.0,29.0,,,5032.5,-33.359375
7600,0,STARFRUIT,5031,27,,,,,5038,27,,,,,5034.5,-24.390625
7700,0,STARFRUIT,5030,26,,,,,5037,26,,,,,5033.5,-35.609375
7800,0,STARFRUIT,5031,1,5030.0,23.0,,,5037,23,,,,,5034.0,-35.09375
7900,0,STARFRUIT,5030,24,,,,,5037,24,,,,,5033.5,-41.0625
8000,0,STARFRUIT,5036,1,5033.0,3.0,5031.0,2.0,5037,30,,,,,5036.5,-31.6875
8100,0,STARFRUIT,5030,25,,,,,5037,25,,,,,5033.5,-93.0
8200,0,STARFRUIT,5030,27,,,,,5037,27,,,,,5033.5,-93.0
8300,0,STARFRUIT,5030,28,,,,,5037,28,,,,,5033.5,-93.0
8400,0,STARFRUIT,5031,29,,,,,5038,29,,,,,5034.5,-93.0
8500,0,STARFRUIT,5032,8,5031.0,27.0,,,5037,2,5038.0,25.0,,,5034.5,-93.0
8600,0,STARFRUIT,5031,29,,,,,5037,2,5038.0,27.0,,,5034.0,-93.0
8700,0,STARFRUIT,5035,1,5031.0,8.0,5030.0,24.0,5037,24,,,,,5036.0,-93.0
8800,0,STARFRUIT,5030,31,,,,,5037,31,,,,,5033.5,-91.4921875
8900,0,STARFRUIT,5031,2,5030.0,26.0,,,5037,26,,,,,5034.0,-91.27587890625
9000,0,STARFRUIT,5030,23,,,,,5037,23,,,,,5033.5,-91.1728515625
9100,0,STARFRUIT,5030,5,5029.0,22.0,,,5036,22,,,,,5033.0,-90.8701171875
9200,0,STARFRUIT,5030,5,5029.0,25.0,,,5036,27,,,,,5033.0,-90.9638671875
9300,0,STARFRUIT,5030,1,5029.0,29.0,,,5036,30,,,,,5033.0,-90.9208984375
9400,0,STARFRUIT,5031,3,5030.0,30.0,,,5036,2,5037.0,28.0,,,5033.5,-91.2265625
9500,0,STARFRUIT,5030,2,5029.0,24.0,,,5036,26,,,,,5033.0,-90.88232421875
9600,0,STARFRUIT,5029,21,,,,,5036,21,,,,,5032.5,-90.66943359375
9700,0,STARFRUIT,5029,31,,,,,5032,5,5034.0,5.0,5036.0,31.0,5030.5,-90.568359375
9800,0,STARFRUIT,5029,26,,,,,5036,26,,,,,5032.5,-90.0
9900,0,STARFRUIT,5029,24,,,,,5036,24,,,,,5032.5,-90.0
10000,0,STARFRUIT,5029,27,,,,,5036,27,,,,,5032.5,-90.0
10100,0,STARFRUIT,5028,21,,,,,5033,5,5035.0,21.0,,,5030.5,-90.0
10200,0,STARFRUIT,5028,20,,,,,5035,20,,,,,5031.5,-96.212890625
10300,0,STARFRUIT,5030,5,5029.0,25.0,,,5035,1,5036.0,24.0,,,5032.5,-94.669921875
10400,0,STARFRUIT,5029,25,,,,,5036,25,,,,,5032.5,-94.376953125
10500,0,STARFRUIT,5030,8,5029.0,26.0,,,5037,26,,,,,5033.5,-90.029296875
10600,0,STARFRUIT,5034,3,5029.0,20.0,,,5036,20,,,,,5035.0,-92.609375
10700,0,STARFRUIT,5030,7,5029.0,24.0,,,5036,24,,,,,5033.0,-95.0
10800,0,STARFRUIT,5030,6,5029.0,23.0,,,5036,23,,,,,5033.0,-95.0
10900,0,STARFRUIT,5029,1,5028.0,22.0,,,5031,6,5035.0,23.0,,,5030.0,-95.0
11000,0,STARFRUIT,5028,27,,,,,5033,2,5035.0,27.0,,,5030.5,-93.19140625
11100,0,STARFRUIT,5029,1,5028.0,31.0,,,5034,1,5035.0,30.0,,,5031.5,-97.5625
11200,0,STARFRUIT,5028,2,5027.0,28.0,,,5032,5,5034.0,30.0,,,5030.0,-100.72265625
11300,0,STARFRUIT,5027,27,,,,,5034,27,,,,,5030.5,-110.23828125
11400,0,STARFRUIT,5027,30,,,,,5034,30,,,,,5030.5,-113.1640625
11500,0,STARFRUIT,5027,29,,,,,5032,5,5034.0,29.0,,,5029.5,-107.80078125
11600,0,STARFRUIT,5027,24,,,,,5032,7,5034.0,24.0,,,5029.5,-116.703125
11700,0,STARFRUIT,5029,4,5027.0,2.0,5026.0,20.0,5033,22,,,,,5031.0,-134.671875
11800,0,STARFRUIT,5026,22,,,,,5033,22,,,,,5029.5,-141.3984375
11900,0,STARFRUIT,5028,4,5026.0,1.0,5025.0,22.0,5032,23,,,,,5030.0,-155.6796875
12000,0,STARFRUIT,5025,28,,,,,5032,28,,,,,5028.5,-162.21875
12100,0,STARFRUIT,5026,2,5025.0,23.0,,,5032,25,,,,,5029.0,-153.75
12200,0,STARFRUIT,5025,25,,,,,5032,25,,,,,5028.5,-155.984375
12300,0,STARFRUIT,5026,5,5025.0,24.0,,,5032,25,,,,,5029.0,-153.21875
12400,0,STARFRUIT,5026,29,,,,,5033,29,,,,,5029.5,-146.96875
12500,0,STARFRUIT,5029,3,5026.0,23.0,,,5033,23,,,,,5031.0,-144.59375
12600,0,STARFRUIT,5029,4,5026.0,26.0,,,5033,26,,,,,5031.0,-143.453125
12700,0,STARFRUIT,5027,28,,,,,5034,28,,,,,5030.5,-125.75
12800,0,STARFRUIT,5030,4,5027.0,30.0,,,5034,30,,,,,5032.0,-121.7109375
12900,0,STARFRUIT,5027,23,,,,,5032,2,5034.0,23.0,,,5029.5,-122.25
13000,0,STARFRUIT,5027,32,,,,,5034,32,,,,,5030.5,-118.9609375
13100,0,STARFRUIT,5028,21,,,,,5031,2,5035.0,21.0,,,5029.5,-109.3203125
13200,0,STARFRUIT,5033,1,5029.0,7.0,5028.0,31.0,5035,31,,,,,5034.0,-104.921875
13300,0,STARFRUIT,5028,23,,,,,5035,23,,,,,5031.5,-159.0
13400,0,STARFRUIT,5028,26,,,,,5035,26,,,,,5031.5,-159.0
13500,0,STARFRUIT,5028,25,,,,,5035,25,,,,,5031.5,-159.0
13600,0,STARFRUIT,5028,26,,,,,5033,3,5035.0,26.0,,,5030.5,-159.0
13700,0,STARFRUIT,5028,28,,,,,5035,28,,,,,5031.5,-159.0
13800,0,STARFRUIT,5028,23,,,,,5035,23,,,,,5031.5,-159.0
13900,0,STARFRUIT,5029,21,,,,,5031,3,5036.0,21.0,,,5030.0,-159.0
14000,0,STARFRUIT,5030,3,5029.0,28.0,,,5036,29,,,,,5033.0,-159.0
14100,0,STARFRUIT,5029,22,,,,,5036,22,,,,,5032.5,-159.0
14200,0,STARFRUIT,5029,21,,,,,5036,21,,,,,5032.5,-159.0
14300,0,STARFRUIT,5029,1,5028.0,21.0,,,5035,22,,,,,5032.0,-159.0
14400,0,STARFRUIT,5029,22,,,,,5036,23,,,,,5032.5,-159.0
14500,0,STARFRUIT,5029,29,,,,,5034,6,5036.0,29.0,,,5031.5,-159.0
14600,0,STARFRUIT,5029,1,5028.0,27.0,,,5030,3,5035.0,1.0,5036.0,27.0,5029.5,-159.0
14700,0,STARFRUIT,5029,24,,,,,5034,2,5035.0,1.0,5036.0,23.0,5031.5,-152.8388671875
14800,0,STARFRUIT,5029,1,5028.0,30.0,,,5033,3,5035.0,31.0,,,5031.0,-153.47265625
14900,0,STARFRUIT,5032,4,5028.0,26.0,,,5035,26,,,,,5033.5,-155.091796875
15000,0,STARFRUIT,5029,6,5028.0,25.0,,,5035,27,,,,,5032.0,-153.0
15100,0,STARFRUIT,5028,21,,,,,5035,21,,,,,5031.5,-153.0
15200,0,STARFRUIT,5031,4,5029.0,4.0,5028.0,23.0,5035,23,,,,,5033.0,-153.0
15300,0,STARFRUIT,5028,2,5027.0,22.0,,,5033,6,5034.0,2.0,5035.0,22.0,5030.5,-153.0
15400,0,STARFRUIT,5027,30,,,,,5034,30,,,,,5030.5,-153.0
15500,0,STARFRUIT,5028,25,,,,,5035,25,,,,,5031.5,-153.0
15600,0,STARFRUIT,5028,23,,,,,5034,1,5035.0,22.0,,,5031.0,-153.0
15700,0,STARFRUIT,5028,30,,,,,5033,1,5034.0,2.0,5035.0,28.0,5030.5,-153.0
15800,0,STARFRUIT,5029,4,5028.0,28.0,,,5035,28,,,,,5032.0,-153.0
15900,0,STARFRUIT,5029,1,5028.0,20.0,,,5030,3,5035.0,21.0,,,5029.5,-153.0
16000,0,STARFRUIT,5029,22,,,,,5034,4,5036.0,22.0,,,5031.5,-146.24609375
16100,0,STARFRUIT,5029,27,,,,,5031,2,5034.0,8.0,5036.0,27.0,5030.0,-145.310546875
16200,0,STARFRUIT,5029,26,,,,,5036,27,,,,,5032.5,-144.68359375
16300,0,STARFRUIT,5029,22,,,,,5036,22,,,,,5032.5,-143.67578125
16400,0,STARFRUIT,5028,27,,,,,5033,7,5035.0,27.0,,,5030.5,-146.208984375
16500,0,STARFRUIT,5028,22,,,,,5033,1,5035.0,22.0,,,5030.5,-149.78515625
16600,0,STARFRUIT,5029,7,5028.0,26.0,,,5035,26,,,,,5032.0,-149.71484375
16700,0,STARFRUIT,5028,25,,,,,5035,25,,,,,5031.5,-148.546875
16800,0,STARFRUIT,5031,2,5028.0,27.0,,,5035,27,,,,,5033.0,-148.083984375
16900,0,STARFRUIT,5028,24,,,,,5035,24,,,,,5031.5,-159.0
17000,0,STARFRUIT,5029,1,5028.0,26.0,,,5034,1,5035.0,25.0,,,5031.5,-159.0
17100,0,STARFRUIT,5028,1,5027.0,26.0,,,5034,27,,,,,5031.0,-159.0
17200,0,STARFRUIT,5028,5,5027.0,28.0,,,5034,28,,,,,5031.0,-159.0
17300,0,STARFRUIT,5026,28,,,,,5031,6,5032.0,1.0,5033.0,27.0,5028.5,-159.0
17400,0,STARFRUIT,5030,3,5026.0,2.0,5025.0,25.0,5032,25,,,,,5031.0,-171.650390625
17500,0,STARFRUIT,5026,28,,,,,5033,28,,,,,5029.5,-169.015625
17600,0,STARFRUIT,5027,3,5026.0,30.0,,,5032,1,5033.0,29.0,,,5029.5,-170.7421875
17700,0,STARFRUIT,5026,22,,,,,5033,22,,,,,5029.5,-168.53515625
17800,0,STARFRUIT,5026,32,,,,,5031,5,5033.0,32.0,,,5028.5,-166.845703125
17900,0,STARFRUIT,5032,1,5029.0,2.0,5026.0,21.0,5033,21,,,,,5032.5,-173.78125
18000,0,STARFRUIT,5026,24,,,,,5033,24,,,,,5029.5,-202.0
18100,0,STARFRUIT,5026,30,,,,,5033,30,,,,,5029.5,-202.0
18200,0,STARFRUIT,5027,25,,,,,5033,2,5034.0,23.0,,,5030.0,-202.0
18300,0,STARFRUIT,5027,20,,,,,5034,20,,,,,5030.5,-202.0
18400,0,STARFRUIT,5032,1,5027.0,22.0,,,5033,1,5034.0,21.0,,,5032.5,-202.0
18500,0,STARFRUIT,5027,23,,,,,5029,1,5034.0,23.0,,,5028.0,-200.58935546875
18600,0,STARFRUIT,5028,22,,,,,5029,9,5035.0,22.0,,,5028.5,-199.0
18700,0,STARFRUIT,5028,30,,,,,5035,30,,,,,5031.5,-173.9921875
18800,0,STARFRUIT,5028,24,,,,,5035,24,,,,,5031.5,-176.66796875
18900,0,STARFRUIT,5030,7,5029.0,25.0,,,5036,25,,,,,5033.0,-169.63671875
19000,0,STARFRUIT,5029,31,,,,,5036,31,,,,,5032.5,-167.12109375
19100,0,STARFRUIT,5030,2,5029.0,21.0,,,5036,23,,,,,5033.0,-163.578125
19200,0,STARFRUIT,5030,26,,,,,5037,26,,,,,5033.5,-160.375
19300,0,STARFRUIT,5032,2,5031.0,23.0,,,5038,25,,,,,5035.0,-146.6875
19400,0,STARFRUIT,5032,26,,,,,5038,2,5039.0,24.0,,,5035.0,-179.0
19500,0,STARFRUIT,5031,23,,,,,5038,23,,,,,5034.5,-236.046875
19600,0,STARFRUIT,5032,27,,,,,5038,1,5039.0,26.0,,,5035.0,-241.578125
19700,0,STARFRUIT,5032,31,,,,,5039,31,,,,,5035.5,-253.1796875
19800,0,STARFRUIT,5033,2,5032.0,26.0,,,5039,28,,,,,5036.0,-257.625
19900,0,STARFRUIT,5033,1,5032.0,22.0,,,5039,23,,,,,5036.0,-256.765625
20000,0,STARFRUIT,5032,26,,,,,5037,4,5039.0,26.0,,,5034.5,-253.765625
20100,0,STARFRUIT,5033,30,,,,,5038,4,5039.0,1.0,5040.0,29.0,5035.5,-262.4296875
20200,0,STARFRUIT,5032,20,,,,,5039,20,,,,,5035.5,-253.59375
20300,0,STARFRUIT,5032,24,,,,,5039,24,,,,,5035.5,-257.3984375
20400,0,STARFRUIT,5032,28,,,,,5033,3,5039.0,28.0,,,5032.5,-245.7578125
20500,0,STARFRUIT,5032,26,,,,,5033,8,5039.0,26.0,,,5032.5,-250.9921875
20600,0,STARFRUIT,5033,25,,,,,5040,25,,,,,5036.5,-264.9453125
20700,0,STARFRUIT,5038,2,5034.0,3.0,5033.0,30.0,5041,30,,,,,5039.5,-278.7578125
20800,0,STARFRUIT,5034,26,,,,,5040,2,5041.0,24.0,,,5037.0,-281.2265625
20900,0,STARFRUIT,5034,31,,,,,5035,1,5041.0,31.0,,,5034.5,-289.7890625
21000,0,STARFRUIT,5034,26,,,,,5041,26,,,,,5037.5,-291.3046875
21100,0,STARFRUIT,5034,28,,,,,5037,2,5041.0,28.0,,,5035.5,-285.7578125
21200,0,STARFRUIT,5040,1,5034.0,29.0,,,5041,29,,,,,5040.5,-293.6015625
21300,0,STARFRUIT,5034,22,,,,,5040,2,5042.0,22.0,,,5037.0,-299.40625
21400,0,STARFRUIT,5035,1,5034.0,29.0,,,5041,30,,,,,5038.0,-297.0078125
21500,0,STARFRUIT,5034,28,,,,,5035,5,5041.0,30.0,,,5034.5,-297.234375
21600,0,STARFRUIT,5035,22,,,,,5042,22,,,,,5038.5,-304.703125
21700,0,STARFRUIT,5035,6,5034.0,25.0,,,5041,2,5042.0,25.0,,,5038.0,-298.875
21800,0,STARFRUIT,5035,26,,,,,5042,26,,,,,5038.5,-311.796875
21900,0,STARFRUIT,5035,27,,,,,5042,27,,,,,5038.5,-310.984375
22000,0,STARFRUIT,5035,22,,,,,5042,22,,,,,5038.5,-312.2421875
22100,0,STARFRUIT,5035,22,,,,,5040,4,5042.0,22.0,,,5037.5,-306.96875
22200,0,STARFRUIT,5036,3,5035.0,23.0,,,5042,23,,,,,5039.0,-316.8203125
22300,0,STARFRUIT,5036,30,,,,,5043,30,,,,,5039.5,-325.9921875
22400,0,STARFRUIT,5036,24,,,,,5043,24,,,,,5039.5,-332.7421875
22500,0,STARFRUIT,5041,1,5036.0,27.0,,,5043,27,,,,,5042.0,-321.65625
22600,0,STARFRUIT,5042,1,5041.0,4.0,5037.0,4.0,5043,26,,,,,5042.5,-332.0625
22700,0,STARFRUIT,5036,26,,,,,5042,1,5043.0,25.0,,,5039.0,-321.09375
22800,0,STARFRUIT,5036,27,,,,,5043,27,,,,,5039.5,-325.1796875
22900,0,STARFRUIT,5036,23,,,,,5037,1,5041.0,4.0,5043.0,23.0,5036.5,-331.7734375
23000,0,STARFRUIT,5042,1,5037.0,1.0,5036.0,20.0,5043,21,,,,,5042.5,-334.6875
23100,0,STARFRUIT,5038,7,5037.0,28.0,,,5043,2,5044.0,26.0,,,5040.5,-343.2109375
23200,0,STARFRUIT,5037,2,5036.0,24.0,,,5043,25,,,,,5040.0,-336.8984375
23300,0,STARFRUIT,5037,2,5036.0,21.0,,,5043,2,5044.0,21.0,,,5040.0,-338.5703125
23400,0,STARFRUIT,5037,1,5036.0,29.0,,,5043,1,5044.0,29.0,,,5040.0,-338.9140625
23500,0,STARFRUIT,5038,3,5037.0,31.0,,,5044,31,,,,,5041.0,-345.609375
23600,0,STARFRUIT,5037,1,5036.0,25.0,,,5043,27,,,,,5040.0,-337.96875
23700,0,STARFRUIT,5042,1,5037.0,21.0,,,5043,1,5044.0,20.0,,,5042.5,-339.671875
23800,0,STARFRUIT,5037,22,,,,,5044,22,,,,,5040.5,-340.015625
23900,0,STARFRUIT,5037,27,,,,,5044,27,,,,,5040.5,-340.25
24000,0,STARFRUIT,5038,6,5037.0,29.0,,,5044,29,,,,,5041.0,-354.0390625
24100,0,STARFRUIT,5037,22,,,,,5044,22,,,,,5040.5,-352.6015625
24200,0,STARFRUIT,5038,24,,,,,5043,8,5044.0,1.0,5045.0,23.0,5040.5,-361.859375
24300,0,STARFRUIT,5038,26,,,,,5043,5,5045.0,27.0,,,5040.5,-360.5546875
24400,0,STARFRUIT,5038,9,5037.0,28.0,,,5044,29,,,,,5041.0,-355.59375
24500,0,STARFRUIT,5037,26,,,,,5044,26,,,,,5040.5,-346.3125
24600,0,STARFRUIT,5038,2,5037.0,22.0,,,5044,24,,,,,5041.0,-355.3359375
24700,0,STARFRUIT,5037,22,,,,,5044,22,,,,,5040.5,-349.796875
24800,0,STARFRUIT,5037,28,,,,,5044,28,,,,,5040.5,-349.78125
24900,0,STARFRUIT,5037,24,,,,,5044,24,,,,,5040.5,-345.796875
25000,0,STARFRUIT,5037,28,,,,,5043,1,5044.0,27.0,,,5040.0,-341.609375
25100,0,STARFRUIT,5036,27,,,,,5043,27,,,,,5039.5,-334.2734375
25200,0,STARFRUIT,5037,6,5036.0,26.0,,,5039,4,5043.0,26.0,,,5038.0,-333.78125
25300,0,STARFRUIT,5036,22,,,,,5042,1,5043.0,21.0,,,5039.0,-320.84375
25400,0,STARFRUIT,5035,29,,,,,5042,29,,,,,5038.5,-367.0
25500,0,STARFRUIT,5036,1,5035.0,23.0,,,5040,6,5042.0,24.0,,,5038.0,-367.0
25600,0,STARFRUIT,5035,24,,,,,5040,6,5042.0,24.0,,,5037.5,-375.84765625
25700,0,STARFRUIT,5036,1,5035.0,24.0,,,5042,1,5043.0,24.0,,,5039.0,-378.8359375
25800,0,STARFRUIT,5037,29,,,,,5043,2,5044.0,27.0,,,5040.0,-366.6875
25900,0,STARFRUIT,5037,29,,,,,5044,29,,,,,5040.5,-362.48828125
26000,0,STARFRUIT,5042,1,5037.0,27.0,,,5044,27,,,,,5043.0,-364.5546875
26100,0,STARFRUIT,5042,1,5038.0,2.0,5037.0,25.0,5043,1,5044.0,24.0,,,5042.5,-398.0
26200,0,STARFRUIT,5037,29,,,,,5043,2,5044.0,27.0,,,5040.0,-396.10498046875
26300,0,STARFRUIT,5037,26,,,,,5038,1,5044.0,26.0,,,5037.5,-396.70458984375
26400,0,STARFRUIT,5037,27,,,,,5044,27,,,,,5040.5,-394.0
26500,0,STARFRUIT,5038,22,,,,,5044,1,5045.0,21.0,,,5041.0,-394.0
26600,0,STARFRUIT,5037,31,,,,,5044,31,,,,,5040.5,-394.0
26700,0,STARFRUIT,5042,1,5038.0,8.0,5037.0,26.0,5044,26,,,,,5043.0,-394.0
26800,0,STARFRUIT,5037,20,,,,,5044,20,,,,,5040.5,-392.5947265625
26900,0,STARFRUIT,5037,22,,,,,5044,22,,,,,5040.5,-392.6865234375
27000,0,STARFRUIT,5037,27,,,,,5042,6,5044.0,27.0,,,5039.5,-392.33984375
27100,0,STARFRUIT,5043,1,5037.0,29.0,,,5044,29,,,,,5043.5,-392.65185546875
27200,0,STARFRUIT,5042,1,5038.0,7.0,5037.0,25.0,5043,2,5044.0,23.0,,,5042.5,-389.44140625
27300,0,STARFRUIT,5037,25,,,,,5038,1,5044.0,25.0,,,5037.5,-389.765625
27400,0,STARFRUIT,5041,6,5039.0,1.0,5038.0,22.0,5045,23,,,,,5043.0,-388.5478515625
27500,0,STARFRUIT,5038,30,,,,,5045,30,,,,,5041.5,-395.0
27600,0,STARFRUIT,5043,1,5039.0,6.0,5038.0,28.0,5045,28,,,,,5044.0,-395.0
27700,0,STARFRUIT,5038,32,,,,,5045,32,,,,,5041.5,-393.484375
27800,0,STARFRUIT,5039,5,5038.0,22.0,,,5044,2,5045.0,20.0,,,5041.5,-393.04833984375
27900,0,STARFRUIT,5038,29,,,,,5043,8,5045.0,29.0,,,5040.5,-393.64697265625
28000,0,STARFRUIT,5039,4,5038.0,22.0,,,5045,22,,,,,5042.0,-393.458984375
28100,0,STARFRUIT,5039,21,,,,,5046,21,,,,,5042.5,-394.37744140625
28200,0,STARFRUIT,5039,23,,,,,5046,23,,,,,5042.5,-394.3115234375
28300,0,STARFRUIT,5039,30,,,,,5045,2,5046.0,28.0,,,5042.0,-394.13916015625
28400,0,STARFRUIT,5039,20,,,,,5046,20,,,,,5042.5,-394.27197265625
28500,0,STARFRUIT,5039,5,5038.0,28.0,,,5045,30,,,,,5042.0,-393.86767578125
28600,0,STARFRUIT,5039,27,,,,,5042,5,5045.0,2.0,5046.0,26.0,5040.5,-394.11279296875
28700,0,STARFRUIT,5039,23,,,,,5045,2,5046.0,22.0,,,5042.0,-394.1220703125
28800,0,STARFRUIT,5038,21,,,,,5046,21,,,,,5042.0,-393.9853515625
28900,0,STARFRUIT,5040,1,5039.0,23.0,,,5045,1,5046.0,22.0,,,5042.5,-394.17041015625
29000,0,STARFRUIT,5039,26,,,,,5045,2,5046.0,24.0,,,5042.0,-394.1962890625
29100,0,STARFRUIT,5039,23,,,,,5046,23,,,,,5042.5,-394.1455078125
29200,0,STARFRUIT,5040,1,5039.0,22.0,,,5046,23,,,,,5043.0,-394.873046875
29300,0,STARFRUIT,5040,23,,,,,5046,1,5047.0,22.0,,,5043.0,-395.15673828125
29400,0,STARFRUIT,5039,25,,,,,5046,25,,,,,5042.5,-394.6279296875
29500,0,STARFRUIT,5039,20,,,,,5040,1,5046.0,20.0,,,5039.5,-394.86572265625
29600,0,STARFRUIT,5040,1,5039.0,26.0,,,5042,4,5046.0,27.0,,,5041.0,-392.0
29700,0,STARFRUIT,5040,23,,,,,5045,8,5046.0,1.0,5047.0,22.0,5042.5,-392.0
29800,0,STARFRUIT,5045,1,5040.0,4.0,5039.0,25.0,5047,25,,,,,5046.0,-392.0
29900,0,STARFRUIT,5040,32,,,,,5047,32,,,,,5043.5,-390.59228515625
30000,0,STARFRUIT,5041,6,5040.0,23.0,,,5047,25,,,,,5044.0,-390.81884765625
30100,0,STARFRUIT,5041,1,5040.0,20.0,,,5047,21,,,,,5044.0,-390.8291015625
30200,0,STARFRUIT,5041,30,,,,,5048,30,,,,,5044.5,-391.2607421875
30300,0,STARFRUIT,5041,31,,,,,5046,1,5047.0,2.0,5048.0,29.0,5043.5,-391.07958984375
30400,0,STARFRUIT,5045,2,5040.0,30.0,,,5047,30,,,,,5046.0,-390.529296875
30500,0,STARFRUIT,5040,7,5039.0,28.0,,,5046,30,,,,,5043.0,-385.73046875
30600,0,STARFRUIT,5040,32,,,,,5045,7,5046.0,2.0,5047.0,30.0,5042.5,-386.234375
30700,0,STARFRUIT,5039,29,,,,,5046,29,,,,,5042.5,-385.076171875
30800,0,STARFRUIT,5039,2,5038.0,29.0,,,5045,31,,,,,5042.0,-382.865234375
30900,0,STARFRUIT,5038,21,,,,,5043,7,5045.0,21.0,,,5040.5,-382.671875
31000,0,STARFRUIT,5043,1,5042.0,5.0,5038.0,28.0,5045,28,,,,,5044.0,-381.029296875
31100,0,STARFRUIT,5038,23,,,,,5039,9,5045.0,23.0,,,5038.5,-379.68359375
31200,0,STARFRUIT,5037,21,,,,,5042,8,5044.0,22.0,,,5039.5,-370.0
31300,0,STARFRUIT,5038,22,,,,,5044,2,5045.0,20.0,,,5041.0,-370.0
31400,0,STARFRUIT,5038,22,,,,,5045,22,,,,,5041.5,-370.0
31500,0,STARFRUIT,5038,22,,,,,5045,22,,,,,5041.5,-370.0
31600,0,STARFRUIT,5039,24,,,,,5046,24,,,,,5042.5,-370.0
31700,0,STARFRUIT,5038,29,,,,,5045,29,,,,,5041.5,-370.0
31800,0,STARFRUIT,5043,2,5038.0,24.0,,,5045,24,,,,,5044.0,-370.0
31900,0,STARFRUIT,5039,6,5038.0,28.0,,,5045,28,,,,,5042.0,-367.2314453125
32000,0,STARFRUIT,5038,22,,,,,5045,22,,,,,5041.5,-366.669921875
32100,0,STARFRUIT,5037,25,,,,,5044,25,,,,,5040.5,-365.5576171875
32200,0,STARFRUIT,5037,25,,,,,5044,25,,,,,5040.5,-365.2080078125
32300,0,STARFRUIT,5040,3,5038.0,2.0,5037.0,30.0,5044,32,,,,,5042.0,-365.7529296875
32400,0,STARFRUIT,5037,29,,,,,5044,29,,,,,5040.5,-365.1328125
32500,0,STARFRUIT,5038,1,5037.0,26.0,,,5043,2,5044.0,24.0,,,5040.5,-364.083984375
32600,0,STARFRUIT,5037,28,,,,,5044,28,,,,,5040.5,-364.9052734375
32700,0,STARFRUIT,5038,32,,,,,5044,2,5045.0,30.0,,,5041.0,-366.2724609375
32800,0,STARFRUIT,5038,29,,,,,5045,29,,,,,5041.5,-366.5166015625
32900,0,STARFRUIT,5038,1,5037.0,20.0,,,5044,21,,,,,5041.0,-365.6015625
33000,0,STARFRUIT,5037,28,,,,,5042,4,5044.0,28.0,,,5039.5,-365.90234375
33100,0,STARFRUIT,5037,26,,,,,5044,26,,,,,5040.5,-365.4814453125
33200,0,STARFRUIT,5038,24,,,,,5043,5,5044.0,1.0,5045.0,23.0,5040.5,-366.3896484375
33300,0,STARFRUIT,5038,31,,,,,5045,31,,,,,5041.5,-366.7861328125
33400,0,STARFRUIT,5037,20,,,,,5042,2,5044.0,20.0,,,5039.5,-365.7529296875
33500,0,STARFRUIT,5038,2,5037.0,21.0,,,5044,23,,,,,5041.0,-365.8154296875
33600,0,STARFRUIT,5037,27,,,,,5044,27,,,,,5040.5,-364.2841796875
33700,0,STARFRUIT,5037,1,5036.0,25.0,,,5041,6,5043.0,26.0,,,5039.0,-363.59765625
33800,0,STARFRUIT,5036,21,,,,,5043,21,,,,,5039.5,-366.0
33900,0,STARFRUIT,5035,28,,,,,5042,28,,,,,5038.5,-366.0
34000,0,STARFRUIT,5041,1,5036.0,2.0,5035.0,28.0,5042,30,,,,,5041.5,-366.0
34100,0,STARFRUIT,5036,2,5035.0,25.0,,,5042,27,,,,,5039.0,-366.0
34200,0,STARFRUIT,5036,32,,,,,5043,32,,,,,5039.5,-366.0
34300,0,STARFRUIT,5036,28,,,,,5043,29,,,,,5039.5,-366.0
34400,0,STARFRUIT,5036,30,,,,,5043,30,,,,,5039.5,-366.0
34500,0,STARFRUIT,5037,24,,,,,5044,24,,,,,5040.5,-366.0
34600,0,STARFRUIT,5037,24,,,,,5044,24,,,,,5040.5,-366.0
34700,0,STARFRUIT,5037,7,5036.0,25.0,,,5043,25,,,,,5040.0,-366.0
34800,0,STARFRUIT,5036,22,,,,,5037,8,5043.0,24.0,,,5036.5,-366.0
34900,0,STARFRUIT,5037,24,,,,,5044,24,,,,,5040.5,-338.92578125
35000,0,STARFRUIT,5037,29,,,,,5044,29,,,,,5040.5,-338.78125
35100,0,STARFRUIT,5037,23,,,,,5044,23,,,,,5040.5,-339.765625
35200,0,STARFRUIT,5037,24,,,,,5042,3,5044.0,24.0,,,5039.5,-337.96875
35300,0,STARFRUIT,5038,8,5037.0,23.0,,,5044,23,,,,,5041.0,-339.05859375
35400,0,STARFRUIT,5037,27,,,,,5044,27,,,,,5040.5,-335.94140625
35500,0,STARFRUIT,5037,29,,,,,5044,29,,,,,5040.5,-339.15234375
35600,0,STARFRUIT,5038,1,5037.0,23.0,,,5044,24,,,,,5041.0,-335.4140625
35700,0,STARFRUIT,5037,31,,,,,5044,31,,,,,5040.5,-335.93359375
35800,0,STARFRUIT,5037,8,5036.0,21.0,,,5043,2,5044.0,21.0,,,5040.0,-341.99609375
35900,0,STARFRUIT,5036,30,,,,,5043,30,,,,,5039.5,-347.30078125
36000,0,STARFRUIT,5036,30,,,,,5039,2,5041.0,2.0,5043.0,30.0,5037.5,-347.3203125
36100,0,STARFRUIT,5036,23,,,,,5041,6,5043.0,23.0,,,5038.5,-345.65625
36200,0,STARFRUIT,5036,1,5035.0,29.0,,,5042,30,,,,,5039.0,-351.59765625
36300,0,STARFRUIT,5035,31,,,,,5042,31,,,,,5038.5,-352.4609375
36400,0,STARFRUIT,5036,2,5035.0,28.0,,,5042,29,,,,,5039.0,-351.4140625
36500,0,STARFRUIT,5035,28,,,,,5042,29,,,,,5038.5,-354.91796875
36600,0,STARFRUIT,5035,31,,,,,5038,2,5042.0,31.0,,,5036.5,-357.51953125
36700,0,STARFRUIT,5035,22,,,,,5042,22,,,,,5038.5,-354.62109375
36800,0,STARFRUIT,5035,25,,,,,5042,25,,,,,5038.5,-351.5234375
36900,0,STARFRUIT,5035,22,,,,,5042,22,,,,,5038.5,-351.7109375
37000,0,STARFRUIT,5036,2,5035.0,20.0,,,5042,22,,,,,5039.0,-350.1875
37100,0,STARFRUIT,5039,5,5036.0,24.0,,,5043,24,,,,,5041.0,-347.3046875
37200,0,STARFRUIT,5037,2,5036.0,27.0,,,5043,29,,,,,5040.0,-369.0
37300,0,STARFRUIT,5037,23,,,,,5042,4,5044.0,23.0,,,5039.5,-369.0
37400,0,STARFRUIT,5038,4,5037.0,22.0,,,5044,22,,,,,5041.0,-369.0
37500,0,STARFRUIT,5040,5,5037.0,31.0,,,5044,31,,,,,5042.0,-369.0
37600,0,STARFRUIT,5037,25,,,,,5042,5,5044.0,25.0,,,5039.5,-371.4921875
37700,0,STARFRUIT,5037,20,,,,,5044,20,,,,,5040.5,-369.4296875
37800,0,STARFRUIT,5037,25,,,,,5043,2,5044.0,23.0,,,5040.0,-369.849609375
37900,0,STARFRUIT,5038,29,,,,,5044,2,5045.0,27.0,,,5041.0,-374.49609375
38000,0,STARFRUIT,5038,30,,,,,5045,30,,,,,5041.5,-375.6171875
38100,0,STARFRUIT,5038,29,,,,,5043,4,5045.0,29.0,,,5040.5,-375.32421875
38200,0,STARFRUIT,5039,2,5038.0,29.0,,,5045,31,,,,,5042.0,-378.853515625
38300,0,STARFRUIT,5040,5,5039.0,22.0,,,5046,22,,,,,5043.0,-388.10546875
38400,0,STARFRUIT,5039,31,,,,,5040,4,5046.0,31.0,,,5039.5,-399.328125
38500,0,STARFRUIT,5038,24,,,,,5045,24,,,,,5041.5,-389.7265625
38600,0,STARFRUIT,5038,31,,,,,5044,2,5045.0,29.0,,,5041.0,-385.56640625
38700,0,STARFRUIT,5038,1,5037.0,20.0,,,5044,22,,,,,5041.0,-380.83203125
38800,0,STARFRUIT,5038,27,,,,,5043,2,5044.0,2.0,5045.0,25.0,5040.5,-385.5234375
38900,0,STARFRUIT,5038,25,,,,,5045,25,,,,,5041.5,-388.1640625
39000,0,STARFRUIT,5039,1,5038.0,23.0,,,5041,3,5044.0,6.0,5045.0,1.0,5040.0,-394.8125
39100,0,STARFRUIT,5039,8,5038.0,30.0,,,5045,30,,,,,5042.0,-392.015625
39200,0,STARFRUIT,5039,5,5038.0,21.0,,,5041,4,5045.0,21.0,,,5040.0,-393.8203125
39300,0,STARFRUIT,5038,24,,,,,5045,24,,,,,5041.5,-389.078125
39400,0,STARFRUIT,5038,21,,,,,5045,21,,,,,5041.5,-384.98046875
39500,0,STARFRUIT,5038,29,,,,,5043,3,5045.0,29.0,,,5040.5,-387.5
39600,0,STARFRUIT,5038,31,,,,,5045,31,,,,,5041.5,-388.1484375
39700,0,STARFRUIT,5038,29,,,,,5041,6,5045.0,30.0,,,5039.5,-393.2578125
39800,0,STARFRUIT,5038,24,,,,,5044,2,5045.0,22.0,,,5041.0,-385.421875
39900,0,STARFRUIT,5038,29,,,,,5043,7,5045.0,29.0,,,5040.5,-387.109375
40000,0,STARFRUIT,5037,26,,,,,5044,26,,,,,5040.5,-378.421875
40100,0,STARFRUIT,5037,30,,,,,5042,4,5044.0,30.0,,,5039.5,-377.03125
40200,0,STARFRUIT,5037,25,,,,,5044,25,,,,,5040.5,-374.8984375
40300,0,STARFRUIT,5037,1,5036.0,29.0,,,5043,30,,,,,5040.0,-369.74609375
40400,0,STARFRUIT,5037,25,,,,,5043,2,5044.0,23.0,,,5040.0,-373.3984375
40500,0,STARFRUIT,5037,22,,,,,5044,22,,,,,5040.5,-375.03125
40600,0,STARFRUIT,5037,28,,,,,5045,28,,,,,5041.0,-383.078125
40700,0,STARFRUIT,5044,1,5039.0,6.0,5038.0,30.0,5045,30,,,,,5044.5,-389.15234375
40800,0,STARFRUIT,5038,21,,,,,5045,21,,,,,5041.5,-388.0234375
40900,0,STARFRUIT,5040,3,5039.0,25.0,,,5046,25,,,,,5043.0,-396.5
41000,0,STARFRUIT,5039,21,,,,,5042,2,5044.0,7.0,5045.0,1.0,5040.5,-395.8984375
41100,0,STARFRUIT,5038,25,,,,,5045,25,,,,,5041.5,-388.90625
41200,0,STARFRUIT,5038,20,,,,,5046,20,,,,,5042.0,-392.7109375
41300,0,STARFRUIT,5039,8,5038.0,27.0,,,5045,27,,,,,5042.0,-389.1484375
41400,0,STARFRUIT,5039,30,,,,,5046,30,,,,,5042.5,-398.109375
41500,0,STARFRUIT,5039,9,5038.0,29.0,,,5045,31,,,,,5042.0,-392.2109375
41600,0,STARFRUIT,5038,26,,,,,5045,26,,,,,5041.5,-389.9765625
41700,0,STARFRUIT,5042,2,5038.0,23.0,,,5045,23,,,,,5043.5,-384.9296875
41800,0,STARFRUIT,5038,21,,,,,5044,1,5045.0,21.0,,,5041.0,-380.2734375
41900,0,STARFRUIT,5038,28,,,,,5045,28,,,,,5041.5,-384.15625
42000,0,STARFRUIT,5038,1,5037.0,27.0,,,5044,28,,,,,5041.0,-377.125
42100,0,STARFRUIT,5039,7,5038.0,22.0,,,5045,22,,,,,5042.0,-380.859375
42200,0,STARFRUIT,5038,22,,,,,5045,22,,,,,5041.5,-391.3671875
42300,0,STARFRUIT,5039,22,,,,,5045,2,5046.0,20.0,,,5042.0,-395.0234375
42400,0,STARFRUIT,5038,28,,,,,5045,28,,,,,5041.5,-385.578125
42500,0,STARFRUIT,5038,24,,,,,5043,2,5045.0,24.0,,,5040.5,-384.6875
42600,0,STARFRUIT,5043,1,5038.0,28.0,,,5045,28,,,,,5044.0,-381.171875
42700,0,STARFRUIT,5038,24,,,,,5044,1,5045.0,23.0,,,5041.0,-379.1328125
42800,0,STARFRUIT,5038,29,,,,,5041,2,5045.0,29.0,,,5039.5,-379.8828125
42900,0,STARFRUIT,5038,20,,,,,5045,20,,,,,5041.5,-381.015625
43000,0,STARFRUIT,5038,27,,,,,5045,27,,,,,5041.5,-432.0
43100,0,STARFRUIT,5038,25,,,,,5045,25,,,,,5041.5,-432.0
43200,0,STARFRUIT,5038,31,,,,,5045,31,,,,,5041.5,-432.0
43300,0,STARFRUIT,5043,1,5037.0,20.0,,,5044,20,,,,,5043.5,-432.0
43400,0,STARFRUIT,5037,24,,,,,5043,2,5044.0,22.0,,,5040.0,-429.2197265625
43500,0,STARFRUIT,5037,6,5036.0,25.0,,,5043,25,,,,,5040.0,-428.66064453125
43600,0,STARFRUIT,5036,22,,,,,5041,1,5043.0,22.0,,,5038.5,-428.60107421875
43700,0,STARFRUIT,5037,1,5036.0,29.0,,,5043,30,,,,,5040.0,-430.0
43800,0,STARFRUIT,5036,23,,,,,5043,23,,,,,5039.5,-430.0
43900,0,STARFRUIT,5037,6,5036.0,26.0,,,5043,26,,,,,5040.0,-430.0
44000,0,STARFRUIT,5036,27,,,,,5043,27,,,,,5039.5,-430.0
44100,0,STARFRUIT,5036,24,,,,,5041,4,5042.0,2.0,5043.0,22.0,5038.5,-430.0
44200,0,STARFRUIT,5036,24,,,,,5043,24,,,,,5039.5,-435.751953125
44300,0,STARFRUIT,5036,26,,,,,5042,2,5043.0,24.0,,,5039.0,-437.154296875
44400,0,STARFRUIT,5037,1,5036.0,26.0,,,5043,26,,,,,5040.0,-436.744140625
44500,0,STARFRUIT,5036,30,,,,,5043,30,,,,,5039.5,-436.80859375
44600,0,STARFRUIT,5037,22,,,,,5043,1,5044.0,21.0,,,5040.0,-433.837890625
44700,0,STARFRUIT,5037,27,,,,,5042,6,5044.0,27.0,,,5039.5,-432.48046875
44800,0,STARFRUIT,5037,25,,,,,5042,3,5044.0,25.0,,,5039.5,-433.810546875
44900,0,STARFRUIT,5037,2,5036.0,21.0,,,5043,23,,,,,5040.0,-434.28515625
45000,0,STARFRUIT,5036,28,,,,,5037,1,5043.0,28.0,,,5036.5,-435.673828125
45100,0,STARFRUIT,5036,27,,,,,5043,27,,,,,5039.5,-431.83984375
45200,0,STARFRUIT,5036,20,,,,,5043,1,5044.0,20.0,,,5039.5,-431.095703125
45300,0,STARFRUIT,5037,22,,,,,5044,23,,,,,5040.5,-428.890625
45400,0,STARFRUIT,5037,25,,,,,5044,25,,,,,5040.5,-427.857421875
45500,0,STARFRUIT,5036,21,,,,,5037,3,5043.0,21.0,,,5036.5,-434.564453125
45600,0,STARFRUIT,5037,1,5036.0,23.0,,,5041,6,5043.0,24.0,,,5039.0,-423.81640625
45700,0,STARFRUIT,5037,2,5036.0,21.0,,,5043,23,,,,,5040.0,-423.3984375
45800,0,STARFRUIT,5040,5,5037.0,32.0,,,5044,32,,,,,5042.0,-418.65625
45900,0,STARFRUIT,5037,25,,,,,5044,26,,,,,5040.5,-414.19921875
46000,0,STARFRUIT,5037,23,,,,,5044,23,,,,,5040.5,-416.14453125
46100,0,STARFRUIT,5039,4,5038.0,25.0,,,5045,25,,,,,5042.0,-412.38671875
46200,0,STARFRUIT,5039,4,5038.0,24.0,,,5045,24,,,,,5042.0,-411.80859375
46300,0,STARFRUIT,5039,2,5038.0,26.0,,,5045,28,,,,,5042.0,-406.4296875
46400,0,STARFRUIT,5044,1,5038.0,24.0,,,5045,24,,,,,5044.5,-408.4296875
46500,0,STARFRUIT,5042,2,5038.0,30.0,,,5045,30,,,,,5043.5,-432.0
46600,0,STARFRUIT,5044,1,5040.0,4.0,5039.0,28.0,5046,28,,,,,5045.0,-432.1865234375
46700,0,STARFRUIT,5038,30,,,,,5045,30,,,,,5041.5,-429.009765625
46800,0,STARFRUIT,5038,25,,,,,5045,25,,,,,5041.5,-429.4765625
46900,0,STARFRUIT,5039,30,,,,,5040,10,5045.0,1.0,5046.0,29.0,5039.5,-430.361328125
47000,0,STARFRUIT,5039,23,,,,,5045,1,5046.0,22.0,,,5042.0,-430.59375
47100,0,STARFRUIT,5039,22,,,,,5046,22,,,,,5042.5,-431.37890625
47200,0,STARFRUIT,5044,1,5039.0,23.0,,,5046,23,,,,,5045.0,-430.7177734375
47300,0,STARFRUIT,5040,5,5039.0,21.0,,,5046,21,,,,,5043.0,-429.318359375
47400,0,STARFRUIT,5043,5,5038.0,22.0,,,5045,22,,,,,5044.0,-424.998046875
47500,0,STARFRUIT,5037,22,,,,,5042,5,5044.0,22.0,,,5039.5,-411.390625
47600,0,STARFRUIT,5037,21,,,,,5044,21,,,,,5040.5,-410.47265625
47700,0,STARFRUIT,5037,23,,,,,5042,4,5044.0,23.0,,,5039.5,-410.65625
47800,0,STARFRUIT,5038,20,,,,,5043,7,5045.0,20.0,,,5040.5,-414.43359375
47900,0,STARFRUIT,5037,23,,,,,5044,23,,,,,5040.5,-405.60546875
48000,0,STARFRUIT,5037,27,,,,,5044,27,,,,,5040.5,-407.8046875
48100,0,STARFRUIT,5037,30,,,,,5042,1,5044.0,30.0,,,5039.5,-408.48828125
48200,0,STARFRUIT,5038,2,5037.0,26.0,,,5044,27,,,,,5041.0,-413.3125
48300,0,STARFRUIT,5037,21,,,,,5038,4,5044.0,21.0,,,5037.5,-409.6015625
48400,0,STARFRUIT,5037,32,,,,,5042,6,5044.0,32.0,,,5039.5,-400.095703125
48500,0,STARFRUIT,5037,29,,,,,5044,29,,,,,5040.5,-407.0
48600,0,STARFRUIT,5037,1,5036.0,26.0,,,5043,1,5044.0,26.0,,,5040.0,-407.0
48700,0,STARFRUIT,5036,23,,,,,5039,2,5043.0,23.0,,,5037.5,-407.0
48800,0,STARFRUIT,5036,29,,,,,5043,29,,,,,5039.5,-405.6318359375
48900,0,STARFRUIT,5036,21,,,,,5043,22,,,,,5039.5,-406.3994140625
49000,0,STARFRUIT,5035,29,,,,,5042,29,,,,,5038.5,-407.9326171875
49100,0,STARFRUIT,5035,30,,,,,5042,30,,,,,5038.5,-408.2333984375
49200,0,STARFRUIT,5034,26,,,,,5041,26,,,,,5037.5,-410.021484375
49300,0,STARFRUIT,5035,6,5034.0,29.0,,,5041,29,,,,,5038.0,-409.33203125
49400,0,STARFRUIT,5035,23,,,,,5042,23,,,,,5038.5,-408.11328125
49500,0,STARFRUIT,5035,25,,,,,5041,1,5042.0,24.0,,,5038.0,-408.8740234375
49600,0,STARFRUIT,5036,2,5035.0,28.0,,,5038,3,5042.0,30.0,,,5037.0,-407.359375
49700,0,STARFRUIT,5041,1,5036.0,6.0,5035.0,21.0,5042,21,,,,,5041.5,-404.546875
49800,0,STARFRUIT,5036,20,,,,,5037,1,5043.0,20.0,,,5036.5,-400.904296875
49900,0,STARFRUIT,5038,5,5037.0,24.0,,,5044,24,,,,,5041.0,-393.298828125
50000,0,STARFRUIT,5037,26,,,,,5044,26,,,,,5040.5,-392.302734375
50100,0,STARFRUIT,5037,24,,,,,5043,2,5044.0,22.0,,,5040.0,-394.693359375
50200,0,STARFRUIT,5036,29,,,,,5043,29,,,,,5039.5,-398.34765625
50300,0,STARFRUIT,5036,23,,,,,5041,4,5043.0,23.0,,,5038.5,-396.49609375
50400,0,STARFRUIT,5037,2,5036.0,23.0,,,5038,3,5043.0,23.0,,,5037.5,-397.57421875
50500,0,STARFRUIT,5039,4,5036.0,28.0,,,5043,28,,,,,5041.0,-394.171875
50600,0,STARFRUIT,5036,24,,,,,5039,4,5043.0,24.0,,,5037.5,-394.9921875
50700,0,STARFRUIT,5036,20,,,,,5043,20,,,,,5039.5,-395.546875
50800,0,STARFRUIT,5037,2,5036.0,26.0,,,5043,28,,,,,5040.0,-391.83203125
50900,0,STARFRUIT,5036,30,,,,,5037,1,5039.0,5.0,5043.0,30.0,5036.5,-390.9609375
51000,0,STARFRUIT,5037,25,,,,,5043,2,5044.0,23.0,,,5040.0,-386.578125
51100,0,STARFRUIT,5038,3,5037.0,29.0,,,5044,29,,,,,5041.0,-379.75
51200,0,STARFRUIT,5037,30,,,,,5044,30,,,,,5040.5,-380.1015625
51300,0,STARFRUIT,5038,2,5037.0,23.0,,,5044,25,,,,,5041.0,-378.8359375
51400,0,STARFRUIT,5037,23,,,,,5042,5,5044.0,23.0,,,5039.5,-382.59375
51500,0,STARFRUIT,5037,21,,,,,5044,21,,,,,5040.5,-379.9921875
51600,0,STARFRUIT,5042,3,5038.0,2.0,5037.0,21.0,5044,23,,,,,5043.0,-379.15234375
51700,0,STARFRUIT,5038,2,5037.0,30.0,,,5044,32,,,,,5041.0,-400.0
51800,0,STARFRUIT,5037,25,,,,,5044,25,,,,,5040.5,-400.0
51900,0,STARFRUIT,5037,28,,,,,5044,28,,,,,5040.5,-400.0
52000,0,STARFRUIT,5038,5,5037.0,21.0,,,5040,5,5044.0,21.0,,,5039.0,-400.0
52100,0,STARFRUIT,5038,1,5037.0,27.0,,,5044,28,,,,,5041.0,-400.0
52200,0,STARFRUIT,5037,22,,,,,5044,23,,,,,5040.5,-400.0
52300,0,STARFRUIT,5037,30,,,,,5044,30,,,,,5040.5,-400.0
52400,0,STARFRUIT,5038,1,5037.0,21.0,,,5040,4,5044.0,21.0,,,5039.0,-400.0
52500,0,STARFRUIT,5037,27,,,,,5043,2,5044.0,25.0,,,5040.0,-400.0
52600,0,STARFRUIT,5037,31,,,,,5043,1,5044.0,30.0,,,5040.0,-400.0
52700,0,STARFRUIT,5042,1,5037.0,25.0,,,5043,1,5044.0,24.0,,,5042.5,-400.0
52800,0,STARFRUIT,5042,1,5037.0,28.0,,,5044,28,,,,,5043.0,-398.23388671875
52900,0,STARFRUIT,5036,27,,,,,5043,27,,,,,5039.5,-394.9580078125
53000,0,STARFRUIT,5036,1,5035.0,29.0,,,5042,30,,,,,5039.0,-393.654296875
53100,0,STARFRUIT,5036,2,5035.0,21.0,,,5042,2,5043.0,21.0,,,5039.0,-393.9951171875
53200,0,STARFRUIT,5041,1,5036.0,23.0,,,5043,23,,,,,5042.0,-394.84375
53300,0,STARFRUIT,5036,20,,,,,5043,20,,,,,5039.5,-392.326171875
53400,0,STARFRUIT,5038,7,5037.0,32.0,,,5044,32,,,,,5041.0,-395.962890625
53500,0,STARFRUIT,5037,25,,,,,5042,2,5044.0,25.0,,,5039.5,-396.5380859375
53600,0,STARFRUIT,5037,23,,,,,5044,23,,,,,5040.5,-396.9658203125
53700,0,STARFRUIT,5038,1,5037.0,23.0,,,5044,23,,,,,5041.0,-396.6728515625
53800,0,STARFRUIT,5037,29,,,,,5044,29,,,,,5040.5,-395.71875
53900,0,STARFRUIT,5038,1,5037.0,25.0,,,5040,4,5044.0,26.0,,,5039.0,-397.474609375
54000,0,STARFRUIT,5038,7,5037.0,22.0,,,5044,22,,,,,5041.0,-396.5029296875
54100,0,STARFRUIT,5038,4,5037.0,22.0,,,5043,1,5044.0,21.0,,,5040.5,-395.255859375
54200,0,STARFRUIT,5037,20,,,,,5043,1,5044.0,20.0,,,5040.0,-395.1875
54300,0,STARFRUIT,5037,28,,,,,5043,2,5044.0,26.0,,,5040.0,-395.201171875
54400,0,STARFRUIT,5037,22,,,,,5044,22,,,,,5040.5,-397.6748046875
54500,0,STARFRUIT,5038,29,,,,,5045,29,,,,,5041.5,-398.716796875
54600,0,STARFRUIT,5038,30,,,,,5045,30,,,,,5041.5,-399.357421875
54700,0,STARFRUIT,5038,1,5037.0,22.0,,,5044,1,5045.0,22.0,,,5041.0,-397.9794921875
54800,0,STARFRUIT,5039,9,5038.0,23.0,,,5045,25,,,,,5042.0,-400.328125
54900,0,STARFRUIT,5038,24,,,,,5043,1,5045.0,24.0,,,5040.5,-399.849609375
55000,0,STARFRUIT,5039,2,5038.0,20.0,,,5043,7,5045.0,22.0,,,5041.0,-400.4609375
55100,0,STARFRUIT,5039,26,,,,,5045,2,5046.0,24.0,,,5042.0,-401.23046875
55200,0,STARFRUIT,5038,25,,,,,5045,26,,,,,5041.5,-400.58203125
55300,0,STARFRUIT,5039,22,,,,,5044,3,5046.0,22.0,,,5041.5,-401.365234375
55400,0,STARFRUIT,5039,6,5038.0,27.0,,,5045,28,,,,,5042.0,-400.8271484375
55500,0,STARFRUIT,5039,2,5038.0,22.0,,,5043,2,5045.0,24.0,,,5041.0,-400.49609375
55600,0,STARFRUIT,5038,23,,,,,5045,23,,,,,5041.5,-400.501953125
55700,0,STARFRUIT,5038,22,,,,,5045,22,,,,,5041.5,-399.8193359375
55800,0,STARFRUIT,5039,8,5038.0,26.0,,,5045,26,,,,,5042.0,-400.1171875
55900,0,STARFRUIT,5041,4,5038.0,20.0,,,5045,20,,,,,5043.0,-399.6171875
56000,0,STARFRUIT,5041,2,5038.0,25.0,,,5043,7,5045.0,25.0,,,5042.0,-401.734375
56100,0,STARFRUIT,5038,28,,,,,5044,1,5045.0,27.0,,,5041.0,-398.5703125
56200,0,STARFRUIT,5038,31,,,,,5041,4,5044.0,1.0,5045.0,30.0,5039.5,-399.421875
56300,0,STARFRUIT,5038,28,,,,,5045,28,,,,,5041.5,-398.994140625
56400,0,STARFRUIT,5038,29,,,,,5045,29,,,,,5041.5,-418.0
56500,0,STARFRUIT,5038,21,,,,,5045,21,,,,,5041.5,-418.0
56600,0,STARFRUIT,5038,2,5037.0,28.0,,,5043,3,5044.0,2.0,5045.0,28.0,5040.5,-418.0
56700,0,STARFRUIT,5038,2,5037.0,27.0,,,5039,4,5044.0,27.0,,,5038.5,-418.0
56800,0,STARFRUIT,5038,8,5037.0,23.0,,,5044,23,,,,,5041.0,-411.447265625
56900,0,STARFRUIT,5037,21,,,,,5044,21,,,,,5040.5,-412.412109375
57000,0,STARFRUIT,5037,22,,,,,5044,22,,,,,5040.5,-411.123046875
57100,0,STARFRUIT,5043,1,5037.0,24.0,,,5045,24,,,,,5044.0,-409.935546875
57200,0,STARFRUIT,5038,1,5037.0,25.0,,,5044,26,,,,,5041.0,-420.0
57300,0,STARFRUIT,5038,31,,,,,5043,1,5044.0,1.0,5045.0,30.0,5040.5,-420.0
57400,0,STARFRUIT,5038,28,,,,,5044,1,5045.0,27.0,,,5041.0,-420.0
57500,0,STARFRUIT,5038,2,5037.0,21.0,,,5044,21,,,,,5041.0,-420.0
57600,0,STARFRUIT,5040,5,5038.0,2.0,5037.0,20.0,5044,22,,,,,5042.0,-420.0
57700,0,STARFRUIT,5037,22,,,,,5044,22,,,,,5040.5,-420.0
57800,0,STARFRUIT,5038,7,5037.0,28.0,,,5044,28,,,,,5041.0,-420.0
57900,0,STARFRUIT,5037,2,5036.0,26.0,,,5038,5,5043.0,28.0,,,5037.5,-420.0
58000,0,STARFRUIT,5037,28,,,,,5044,28,,,,,5040.5,-408.8203125
58100,0,STARFRUIT,5037,20,,,,,5044,20,,,,,5040.5,-407.87890625
58200,0,STARFRUIT,5037,29,,,,,5043,2,5044.0,27.0,,,5040.0,-409.275390625
58300,0,STARFRUIT,5037,2,5036.0,28.0,,,5043,30,,,,,5040.0,-410.54296875
58400,0,STARFRUIT,5037,25,,,,,5044,25,,,,,5040.5,-409.158203125
58500,0,STARFRUIT,5038,2,5037.0,20.0,,,5042,2,5044.0,22.0,,,5040.0,-406.01953125
58600,0,STARFRUIT,5038,23,,,,,5045,23,,,,,5041.5,-403.23828125
58700,0,STARFRUIT,5038,30,,,,,5041,4,5044.0,1.0,5045.0,29.0,5039.5,-404.052734375
58800,0,STARFRUIT,5038,1,5037.0,30.0,,,5042,5,5044.0,31.0,,,5040.0,-406.21875
58900,0,STARFRUIT,5043,1,5037.0,25.0,,,5044,25,,,,,5043.5,-408.05078125
59000,0,STARFRUIT,5038,1,5037.0,23.0,,,5044,1,5045.0,23.0,,,5041.0,-435.0
59100,0,STARFRUIT,5038,1,5037.0,20.0,,,5044,21,,,,,5041.0,-435.0
59200,0,STARFRUIT,5042,10,5038.0,10.0,5037.0,23.0,5044,25,,,,,5043.0,-435.0
59300,0,STARFRUIT,5036,22,,,,,5044,22,,,,,5040.0,-415.00390625
59400,0,STARFRUIT,5036,23,,,,,5043,23,,,,,5039.5,-412.42578125
59500,0,STARFRUIT,5037,2,5036.0,22.0,,,5043,2,5044.0,22.0,,,5040.0,-414.98046875
59600,0,STARFRUIT,5037,25,,,,,5044,25,,,,,5040.5,-418.765625
59700,0,STARFRUIT,5044,1,5038.0,26.0,,,5045,26,,,,,5044.5,-430.51171875
59800,0,STARFRUIT,5038,24,,,,,5045,24,,,,,5041.5,-428.828125
59900,0,STARFRUIT,5038,2,5037.0,23.0,,,5042,4,5044.0,25.0,,,5040.0,-420.2421875
60000,0,STARFRUIT,5038,5,5037.0,26.0,,,5044,26,,,,,5041.0,-419.1796875
60100,0,STARFRUIT,5037,28,,,,,5044,28,,,,,5040.5,-417.078125
60200,0,STARFRUIT,5037,26,,,,,5044,26,,,,,5040.5,-416.50390625
60300,0,STARFRUIT,5037,24,,,,,5044,24,,,,,5040.5,-415.953125
60400,0,STARFRUIT,5037,24,,,,,5043,2,5044.0,22.0,,,5040.0,-412.28515625
60500,0,STARFRUIT,5037,25,,,,,5040,2,5044.0,25.0,,,5038.5,-411.98828125
60600,0,STARFRUIT,5037,21,,,,,5043,1,5044.0,21.0,,,5040.0,-412.95703125
60700,0,STARFRUIT,5042,9,5037.0,24.0,,,5044,24,,,,,5043.0,-418.34765625
60800,0,STARFRUIT,5043,1,5037.0,28.0,,,5044,28,,,,,5043.5,-446.0
60900,0,STARFRUIT,5043,1,5037.0,29.0,,,5044,29,,,,,5043.5,-443.78369140625
61000,0,STARFRUIT,5037,26,,,,,5044,26,,,,,5040.5,-441.4462890625
61100,0,STARFRUIT,5037,31,,,,,5044,31,,,,,5040.5,-440.5205078125
61200,0,STARFRUIT,5038,5,5037.0,22.0,,,5039,3,5044.0,22.0,,,5038.5,-441.46875
61300,0,STARFRUIT,5036,27,,,,,5043,27,,,,,5039.5,-438.0
61400,0,STARFRUIT,5037,28,,,,,5044,28,,,,,5040.5,-438.0
61500,0,STARFRUIT,5042,1,5037.0,22.0,,,5044,22,,,,,5043.0,-438.0
61600,0,STARFRUIT,5037,28,,,,,5044,28,,,,,5040.5,-436.58544921875
61700,0,STARFRUIT,5037,23,,,,,5044,23,,,,,5040.5,-436.70703125
61800,0,STARFRUIT,5037,26,,,,,5038,1,5044.0,26.0,,,5037.5,-436.5849609375
61900,0,STARFRUIT,5037,28,,,,,5044,28,,,,,5040.5,-434.0
62000,0,STARFRUIT,5037,24,,,,,5044,24,,,,,5040.5,-434.0
62100,0,STARFRUIT,5037,27,,,,,5043,2,5044.0,25.0,,,5040.0,-434.0
62200,0,STARFRUIT,5037,24,,,,,5042,1,5044.0,24.0,,,5039.5,-434.0
62300,0,STARFRUIT,5037,21,,,,,5044,21,,,,,5040.5,-434.0
62400,0,STARFRUIT,5037,24,,,,,5044,24,,,,,5040.5,-434.0
62500,0,STARFRUIT,5038,2,5037.0,25.0,,,5044,27,,,,,5041.0,-434.0
62600,0,STARFRUIT,5038,1,5037.0,21.0,,,5044,22,,,,,5041.0,-434.0
62700,0,STARFRUIT,5037,25,,,,,5044,25,,,,,5040.5,-434.0
62800,0,STARFRUIT,5037,22,,,,,5044,22,,,,,5040.5,-434.0
62900,0,STARFRUIT,5037,22,,,,,5043,2,5044.0,20.0,,,5040.0,-434.0
63000,0,STARFRUIT,5037,30,,,,,5044,30,,,,,5040.5,-434.0
63100,0,STARFRUIT,5037,30,,,,,5044,30,,,,,5040.5,-434.0
63200,0,STARFRUIT,5038,25,,,,,5044,1,5045.0,24.0,,,5041.0,-434.0
63300,0,STARFRUIT,5043,1,5038.0,30.0,,,5045,30,,,,,5044.0,-434.0
63400,0,STARFRUIT,5038,24,,,,,5044,2,5045.0,22.0,,,5041.0,-432.03857421875
63500,0,STARFRUIT,5038,3,5037.0,28.0,,,5044,28,,,,,5041.0,-431.70556640625
63600,0,STARFRUIT,5042,1,5037.0,22.0,,,5044,22,,,,,5043.0,-431.43017578125
63700,0,STARFRUIT,5037,21,,,,,5040,5,5042.0,7.0,5044.0,21.0,5038.5,-429.5166015625
63800,0,STARFRUIT,5036,1,5035.0,27.0,,,5042,28,,,,,5039.0,-429.0
63900,0,STARFRUIT,5035,22,,,,,5039,2,5043.0,22.0,,,5037.0,-429.0
64000,0,STARFRUIT,5036,2,5035.0,30.0,,,5042,30,,,,,5039.0,-429.7119140625
64100,0,STARFRUIT,5036,28,,,,,5041,4,5042.0,2.0,5043.0,26.0,5038.5,-428.751953125
64200,0,STARFRUIT,5036,27,,,,,5043,27,,,,,5039.5,-428.2919921875
64300,0,STARFRUIT,5036,2,5035.0,22.0,,,5042,22,,,,,5039.0,-429.5009765625
64400,0,STARFRUIT,5036,4,5035.0,29.0,,,5042,29,,,,,5039.0,-429.73828125
64500,0,STARFRUIT,5036,7,5035.0,22.0,,,5042,22,,,,,5039.0,-429.8447265625
64600,0,STARFRUIT,5036,2,5035.0,27.0,,,5042,29,,,,,5039.0,-429.0810546875
64700,0,STARFRUIT,5036,1,5035.0,28.0,,,5042,1,5043.0,28.0,,,5039.0,-428.9990234375
64800,0,STARFRUIT,5036,20,,,,,5042,1,5043.0,20.0,,,5039.0,-428.6259765625
64900,0,STARFRUIT,5036,2,5035.0,30.0,,,5042,32,,,,,5039.0,-429.2783203125
65000,0,STARFRUIT,5041,1,5036.0,27.0,,,5042,1,5043.0,26.0,,,5041.5,-428.8662109375
65100,0,STARFRUIT,5036,1,5035.0,25.0,,,5042,26,,,,,5039.0,-430.0
65200,0,STARFRUIT,5037,2,5036.0,29.0,,,5042,1,5043.0,28.0,,,5039.5,-430.0
65300,0,STARFRUIT,5036,29,,,,,5041,1,5043.0,29.0,,,5038.5,-430.0
65400,0,STARFRUIT,5035,21,,,,,5037,2,5042.0,21.0,,,5036.0,-430.0
65500,0,STARFRUIT,5035,20,,,,,5042,20,,,,,5038.5,-426.8515625
65600,0,STARFRUIT,5036,6,5035.0,20.0,,,5042,20,,,,,5039.0,-426.7333984375
65700,0,STARFRUIT,5035,24,,,,,5036,1,5043.0,24.0,,,5035.5,-425.966796875
65800,0,STARFRUIT,5037,1,5036.0,30.0,,,5043,30,,,,,5040.0,-421.947265625
65900,0,STARFRUIT,5037,2,5036.0,24.0,,,5043,26,,,,,5040.0,-420.072265625
66000,0,STARFRUIT,5037,7,5036.0,24.0,,,5043,25,,,,,5040.0,-420.17578125
66100,0,STARFRUIT,5042,1,5037.0,25.0,,,5043,2,5044.0,23.0,,,5042.5,-419.466796875
66200,0,STARFRUIT,5041,5,5037.0,23.0,,,5043,1,5044.0,22.0,,,5042.0,-424.0
66300,0,STARFRUIT,5040,3,5037.0,20.0,,,5044,20,,,,,5042.0,-420.57421875
66400,0,STARFRUIT,5037,2,5036.0,24.0,,,5043,26,,,,,5040.0,-418.82421875
66500,0,STARFRUIT,5042,1,5037.0,31.0,,,5043,1,5044.0,30.0,,,5042.5,-419.38671875
66600,0,STARFRUIT,5037,31,,,,,5044,31,,,,,5040.5,-418.55078125
66700,0,STARFRUIT,5038,5,5037.0,26.0,,,5044,26,,,,,5041.0,-419.578125
66800,0,STARFRUIT,5038,1,5037.0,25.0,,,5044,26,,,,,5041.0,-421.92578125
66900,0,STARFRUIT,5037,3,5036.0,20.0,,,5043,20,,,,,5040.0,-416.08203125
67000,0,STARFRUIT,5036,24,,,,,5042,2,5043.0,22.0,,,5039.0,-411.83984375
67100,0,STARFRUIT,5036,26,,,,,5043,26,,,,,5039.5,-414.2265625
67200,0,STARFRUIT,5036,23,,,,,5041,6,5043.0,23.0,,,5038.5,-414.078125
67300,0,STARFRUIT,5038,1,5037.0,22.0,,,5043,1,5044.0,21.0,,,5040.5,-418.296875
67400,0,STARFRUIT,5038,8,5037.0,29.0,,,5044,29,,,,,5041.0,-418.421875
67500,0,STARFRUIT,5037,22,,,,,5044,22,,,,,5040.5,-421.9296875
67600,0,STARFRUIT,5038,1,5037.0,25.0,,,5044,26,,,,,5041.0,-422.1796875
67700,0,STARFRUIT,5037,23,,,,,5040,3,5044.0,23.0,,,5038.5,-419.771484375
67800,0,STARFRUIT,5038,6,5037.0,32.0,,,5044,32,,,,,5041.0,-419.66015625
67900,0,STARFRUIT,5036,26,,,,,5043,26,,,,,5039.5,-415.951171875
68000,0,STARFRUIT,5042,1,5036.0,25.0,,,5043,25,,,,,5042.5,-415.31640625
68100,0,STARFRUIT,5037,7,5036.0,27.0,,,5042,1,5043.0,26.0,,,5039.5,-409.33984375
68200,0,STARFRUIT,5036,1,5035.0,23.0,,,5042,24,,,,,5039.0,-406.76953125
68300,0,STARFRUIT,5035,1,5034.0,25.0,,,5041,26,,,,,5038.0,-399.87890625
68400,0,STARFRUIT,5034,31,,,,,5041,31,,,,,5037.5,-398.59375
68500,0,STARFRUIT,5035,1,5034.0,22.0,,,5039,5,5041.0,23.0,,,5037.0,-400.8203125
68600,0,STARFRUIT,5034,27,,,,,5042,27,,,,,5038.0,-405.994140625
68700,0,STARFRUIT,5035,22,,,,,5041,2,5042.0,20.0,,,5038.0,-414.0
68800,0,STARFRUIT,5035,1,5034.0,30.0,,,5037,6,5041.0,1.0,5042.0,30.0,5036.0,-414.0
68900,0,STARFRUIT,5035,25,,,,,5041,2,5042.0,23.0,,,5038.0,-407.12890625
69000,0,STARFRUIT,5035,28,,,,,5041,1,5042.0,27.0,,,5038.0,-407.59765625
69100,0,STARFRUIT,5036,1,5035.0,26.0,,,5041,1,5042.0,25.0,,,5038.5,-407.736328125
69200,0,STARFRUIT,5035,21,,,,,5042,21,,,,,5038.5,-406.482421875
69300,0,STARFRUIT,5035,1,5034.0,23.0,,,5041,24,,,,,5038.0,-409.060546875
69400,0,STARFRUIT,5035,4,5034.0,22.0,,,5041,22,,,,,5038.0,-413.046875
69500,0,STARFRUIT,5034,2,5033.0,31.0,,,5039,1,5040.0,30.0,,,5036.5,-418.8671875
69600,0,STARFRUIT,5033,27,,,,,5040,27,,,,,5036.5,-419.37890625
69700,0,STARFRUIT,5033,26,,,,,5040,26,,,,,5036.5,-419.76953125
69800,0,STARFRUIT,5034,22,,,,,5040,1,5041.0,22.0,,,5037.0,-415.3828125
69900,0,STARFRUIT,5034,26,,,,,5040,2,5041.0,24.0,,,5037.0,-415.55078125
70000,0,STARFRUIT,5034,2,5033.0,28.0,,,5040,2,5041.0,28.0,,,5037.0,-415.93359375
70100,0,STARFRUIT,5033,27,,,,,5034,1,5040.0,27.0,,,5033.5,-418.3671875
70200,0,STARFRUIT,5033,30,,,,,5040,30,,,,,5036.5,-414.984375
70300,0,STARFRUIT,5034,5,5033.0,24.0,,,5040,25,,,,,5037.0,-414.55859375
70400,0,STARFRUIT,5034,31,,,,,5041,31,,,,,5037.5,-410.46484375
70500,0,STARFRUIT,5034,21,,,,,5035,3,5041.0,21.0,,,5034.5,-410.80078125
70600,0,STARFRUIT,5036,2,5034.0,1.0,5033.0,22.0,5040,1,5041.0,22.0,,,5038.0,-407.16015625
70700,0,STARFRUIT,5033,27,,,,,5040,27,,,,,5036.5,-411.49609375
70800,0,STARFRUIT,5033,22,,,,,5040,22,,,,,5036.5,-414.53125
70900,0,STARFRUIT,5033,21,,,,,5034,1,5040.0,21.0,,,5033.5,-411.7421875
71000,0,STARFRUIT,5034,2,5033.0,28.0,,,5038,1,5040.0,30.0,,,5036.0,-405.78125
71100,0,STARFRUIT,5035,6,5034.0,30.0,,,5041,30,,,,,5038.0,-400.0859375
71200,0,STARFRUIT,5035,1,5034.0,27.0,,,5041,28,,,,,5038.0,-393.8828125
71300,0,STARFRUIT,5035,2,5034.0,28.0,,,5040,8,5041.0,2.0,5042.0,28.0,5037.5,-392.078125
71400,0,STARFRUIT,5036,2,5035.0,25.0,,,5040,6,5042.0,27.0,,,5038.0,-382.0859375
71500,0,STARFRUIT,5035,26,,,,,5040,5,5042.0,26.0,,,5037.5,-383.171875
71600,0,STARFRUIT,5035,31,,,,,5042,31,,,,,5038.5,-382.8515625
71700,0,STARFRUIT,5035,26,,,,,5042,26,,,,,5038.5,-383.64453125
71800,0,STARFRUIT,5035,22,,,,,5042,22,,,,,5038.5,-381.7578125
71900,0,STARFRUIT,5036,30,,,,,5043,30,,,,,5039.5,-374.8515625
72000,0,STARFRUIT,5036,24,,,,,5043,24,,,,,5039.5,-416.0
72100,0,STARFRUIT,5035,26,,,,,5042,26,,,,,5038.5,-416.0
72200,0,STARFRUIT,5035,25,,,,,5042,25,,,,,5038.5,-416.0
72300,0,STARFRUIT,5036,1,5035.0,22.0,,,5040,3,5042.0,23.0,,,5038.0,-416.0
72400,0,STARFRUIT,5036,25,,,,,5043,25,,,,,5039.5,-416.0
72500,0,STARFRUIT,5039,4,5037.0,2.0,5036.0,20.0,5043,22,,,,,5041.0,-416.0
72600,0,STARFRUIT,5036,28,,,,,5043,28,,,,,5039.5,-419.365234375
72700,0,STARFRUIT,5036,28,,,,,5043,28,,,,,5039.5,-416.91796875
72800,0,STARFRUIT,5036,29,,,,,5037,8,5043.0,29.0,,,5036.5,-417.888671875
72900,0,STARFRUIT,5037,2,5036.0,23.0,,,5043,23,,,,,5040.0,-417.384765625
73000,0,STARFRUIT,5036,21,,,,,5041,8,5043.0,21.0,,,5038.5,-425.328125
73100,0,STARFRUIT,5037,28,,,,,5042,3,5043.0,1.0,5044.0,27.0,5039.5,-426.86328125
73200,0,STARFRUIT,5037,24,,,,,5044,24,,,,,5040.5,-428.85546875
73300,0,STARFRUIT,5037,25,,,,,5044,25,,,,,5040.5,-430.6015625
73400,0,STARFRUIT,5038,30,,,,,5045,30,,,,,5041.5,-432.4375
73500,0,STARFRUIT,5038,25,,,,,5044,1,5045.0,24.0,,,5041.0,-477.828125
73600,0,STARFRUIT,5038,30,,,,,5045,30,,,,,5041.5,-479.7421875
73700,0,STARFRUIT,5038,25,,,,,5045,25,,,,,5041.5,-480.1015625
73800,0,STARFRUIT,5038,22,,,,,5045,22,,,,,5041.5,-483.9609375
73900,0,STARFRUIT,5038,27,,,,,5046,27,,,,,5042.0,-494.0703125
74000,0,STARFRUIT,5041,6,5039.0,7.0,5038.0,29.0,5045,29,,,,,5043.0,-487.171875
74100,0,STARFRUIT,5042,3,5038.0,24.0,,,5045,24,,,,,5043.5,-483.640625
74200,0,STARFRUIT,5038,31,,,,,5043,7,5045.0,31.0,,,5040.5,-481.53125
74300,0,STARFRUIT,5039,1,5038.0,26.0,,,5043,3,5045.0,27.0,,,5041.0,-491.8203125
74400,0,STARFRUIT,5039,23,,,,,5046,23,,,,,5042.5,-503.6875
74500,0,STARFRUIT,5044,1,5043.0,3.0,5039.0,26.0,5046,26,,,,,5045.0,-500.625
74600,0,STARFRUIT,5040,1,5039.0,29.0,,,5046,29,,,,,5043.0,-498.71875
74700,0,STARFRUIT,5039,27,,,,,5046,27,,,,,5042.5,-500.328125
74800,0,STARFRUIT,5039,3,5038.0,24.0,,,5045,26,,,,,5042.0,-493.375
74900,0,STARFRUIT,5039,1,5038.0,27.0,,,5045,1,5046.0,27.0,,,5042.0,-493.5390625
75000,0,STARFRUIT,5039,1,5038.0,21.0,,,5045,22,,,,,5042.0,-492.1171875
75100,0,STARFRUIT,5039,2,5038.0,26.0,,,5045,2,5046.0,26.0,,,5042.0,-493.796875
75200,0,STARFRUIT,5040,7,5039.0,31.0,,,5046,31,,,,,5043.0,-500.1796875
75300,0,STARFRUIT,5040,27,,,,,5046,1,5047.0,26.0,,,5043.0,-515.40625
75400,0,STARFRUIT,5039,25,,,,,5046,25,,,,,5042.5,-500.9921875
75500,0,STARFRUIT,5039,23,,,,,5046,23,,,,,5042.5,-503.890625
75600,0,STARFRUIT,5039,2,5038.0,23.0,,,5045,2,5046.0,23.0,,,5042.0,-494.234375
75700,0,STARFRUIT,5044,1,5039.0,27.0,,,5046,27,,,,,5045.0,-500.015625
75800,0,STARFRUIT,5045,1,5040.0,1.0,5039.0,28.0,5046,28,,,,,5045.5,-505.625
75900,0,STARFRUIT,5039,24,,,,,5044,3,5045.0,2.0,5046.0,22.0,5041.5,-498.53125
76000,0,STARFRUIT,5039,3,5038.0,31.0,,,5045,31,,,,,5042.0,-479.8203125
76100,0,STARFRUIT,5038,28,,,,,5045,28,,,,,5041.5,-480.9140625
76200,0,STARFRUIT,5037,28,,,,,5044,28,,,,,5040.5,-465.5546875
76300,0,STARFRUIT,5037,22,,,,,5044,22,,,,,5040.5,-462.7890625
76400,0,STARFRUIT,5038,8,5037.0,28.0,,,5044,28,,,,,5041.0,-463.8828125
76500,0,STARFRUIT,5040,2,5037.0,28.0,,,5044,28,,,,,5042.0,-471.5703125
76600,0,STARFRUIT,5038,29,,,,,5045,29,,,,,5041.5,-481.140625
76700,0,STARFRUIT,5039,30,,,,,5045,1,5046.0,30.0,,,5042.0,-498.421875
76800,0,STARFRUIT,5039,25,,,,,5046,25,,,,,5042.5,-502.09375
76900,0,STARFRUIT,5041,5,5040.0,29.0,,,5046,2,5047.0,27.0,,,5043.5,-515.2421875
77000,0,STARFRUIT,5040,28,,,,,5045,4,5047.0,28.0,,,5042.5,-523.078125
77100,0,STARFRUIT,5045,5,5041.0,1.0,5040.0,22.0,5047,22,,,,,5046.0,-524.6171875
77200,0,STARFRUIT,5040,30,,,,,5047,30,,,,,5043.5,-521.78125
77300,0,STARFRUIT,5040,26,,,,,5041,1,5047.0,26.0,,,5040.5,-527.8984375
77400,0,STARFRUIT,5040,29,,,,,5045,3,5047.0,29.0,,,5042.5,-523.484375
77500,0,STARFRUIT,5040,24,,,,,5047,24,,,,,5043.5,-528.6953125
77600,0,STARFRUIT,5041,30,,,,,5048,30,,,,,5044.5,-582.0
77700,0,STARFRUIT,5041,31,,,,,5048,31,,,,,5044.5,-582.0
77800,0,STARFRUIT,5042,2,5041.0,29.0,,,5048,31,,,,,5045.0,-582.0
77900,0,STARFRUIT,5047,1,5042.0,26.0,,,5048,2,5049.0,24.0,,,5047.5,-582.0
78000,0,STARFRUIT,5043,21,,,,,5050,21,,,,,5046.5,-581.19384765625
78100,0,STARFRUIT,5042,23,,,,,5049,24,,,,,5045.5,-580.3310546875
78200,0,STARFRUIT,5048,1,5043.0,5.0,5042.0,24.0,5049,24,,,,,5048.5,-580.81005859375
78300,0,STARFRUIT,5042,25,,,,,5049,25,,,,,5045.5,-578.740234375
78400,0,STARFRUIT,5042,25,,,,,5049,25,,,,,5045.5,-578.7021484375
78500,0,STARFRUIT,5044,4,5043.0,25.0,,,5049,2,5050.0,23.0,,,5046.5,-579.1962890625
78600,0,STARFRUIT,5043,2,5042.0,23.0,,,5047,3,5049.0,25.0,,,5045.0,-578.6279296875
78700,0,STARFRUIT,5043,1,5042.0,25.0,,,5049,26,,,,,5046.0,-578.58984375
78800,0,STARFRUIT,5042,29,,,,,5049,29,,,,,5045.5,-577.517578125
78900,0,STARFRUIT,5042,26,,,,,5048,1,5049.0,25.0,,,5045.0,-577.4189453125
79000,0,STARFRUIT,5043,7,5042.0,22.0,,,5049,22,,,,,5046.0,-578.0
79100,0,STARFRUIT,5042,20,,,,,5049,20,,,,,5045.5,-578.677734375
79200,0,STARFRUIT,5043,2,5042.0,24.0,,,5049,26,,,,,5046.0,-578.646484375
79300,0,STARFRUIT,5043,6,5042.0,20.0,,,5049,21,,,,,5046.0,-578.5927734375
79400,0,STARFRUIT,5043,4,5042.0,29.0,,,5049,29,,,,,5046.0,-578.541015625
79500,0,STARFRUIT,5048,7,5043.0,28.0,,,5049,2,5050.0,26.0,,,5048.5,-579.0576171875
79600,0,STARFRUIT,5044,25,,,,,5049,3,5050.0,2.0,5051.0,23.0,5046.5,-574.25390625
79700,0,STARFRUIT,5043,25,,,,,5050,25,,,,,5046.5,-572.3359375
79800,0,STARFRUIT,5044,25,,,,,5051,25,,,,,5047.5,-579.01953125
79900,0,STARFRUIT,5045,3,5044.0,29.0,,,5051,29,,,,,5048.0,-577.7265625
80000,0,STARFRUIT,5045,25,,,,,5051,2,5052.0,24.0,,,5048.0,-584.40625
80100,0,STARFRUIT,5045,22,,,,,5051,1,5052.0,21.0,,,5048.0,-584.96484375
80200,0,STARFRUIT,5045,22,,,,,5052,22,,,,,5048.5,-584.9140625
80300,0,STARFRUIT,5045,21,,,,,5048,6,5051.0,1.0,5052.0,20.0,5046.5,-584.67578125
80400,0,STARFRUIT,5046,25,,,,,5053,25,,,,,5049.5,-594.91796875
80500,0,STARFRUIT,5046,22,,,,,5047,2,5052.0,1.0,5053.0,21.0,5046.5,-592.4375
80600,0,STARFRUIT,5046,31,,,,,5051,2,5053.0,31.0,,,5048.5,-595.4921875
80700,0,STARFRUIT,5046,24,,,,,5052,2,5053.0,22.0,,,5049.0,-592.38671875
80800,0,STARFRUIT,5045,24,,,,,5050,6,5052.0,24.0,,,5047.5,-589.1484375
80900,0,STARFRUIT,5045,28,,,,,5050,6,5051.0,1.0,5052.0,27.0,5047.5,-584.12109375
81000,0,STARFRUIT,5045,31,,,,,5052,31,,,,,5048.5,-585.30859375
81100,0,STARFRUIT,5045,24,,,,,5052,24,,,,,5048.5,-585.015625
81200,0,STARFRUIT,5044,29,,,,,5051,29,,,,,5047.5,-580.4765625
81300,0,STARFRUIT,5050,1,5044.0,30.0,,,5051,30,,,,,5050.5,-579.01953125
81400,0,STARFRUIT,5044,22,,,,,5051,22,,,,,5047.5,-576.01953125
81500,0,STARFRUIT,5043,22,,,,,5050,22,,,,,5046.5,-569.59765625
81600,0,STARFRUIT,5044,28,,,,,5051,28,,,,,5047.5,-571.70703125
81700,0,STARFRUIT,5044,26,,,,,5051,26,,,,,5047.5,-575.96875
81800,0,STARFRUIT,5044,21,,,,,5051,21,,,,,5047.5,-574.4453125
81900,0,STARFRUIT,5044,28,,,,,5051,28,,,,,5047.5,-580.53125
82000,0,STARFRUIT,5045,1,5044.0,24.0,,,5051,25,,,,,5048.0,-580.35546875
82100,0,STARFRUIT,5045,26,,,,,5052,26,,,,,5048.5,-585.68359375
82200,0,STARFRUIT,5046,1,5045.0,30.0,,,5052,30,,,,,5049.0,-585.80078125
82300,0,STARFRUIT,5045,2,5044.0,30.0,,,5051,32,,,,,5048.0,-579.78515625
82400,0,STARFRUIT,5045,22,,,,,5052,22,,,,,5048.5,-583.49609375
82500,0,STARFRUIT,5045,24,,,,,5051,1,5052.0,23.0,,,5048.0,-583.2265625
82600,0,STARFRUIT,5046,2,5045.0,29.0,,,5048,5,5050.0,3.0,5052.0,31.0,5047.0,-589.32421875
82700,0,STARFRUIT,5047,2,5046.0,30.0,,,5052,1,5053.0,29.0,,,5049.5,-586.34375
82800,0,STARFRUIT,5046,21,,,,,5051,1,5053.0,21.0,,,5048.5,-591.017578125
82900,0,STARFRUIT,5046,21,,,,,5052,1,5053.0,20.0,,,5049.0,-597.0
83000,0,STARFRUIT,5046,2,5045.0,28.0,,,5052,2,5053.0,28.0,,,5049.0,-597.0
83100,0,STARFRUIT,5045,26,,,,,5052,26,,,,,5048.5,-597.0
83200,0,STARFRUIT,5046,31,,,,,5052,2,5053.0,29.0,,,5049.0,-597.0
83300,0,STARFRUIT,5045,23,,,,,5052,23,,,,,5048.5,-597.0
83400,0,STARFRUIT,5045,25,,,,,5050,3,5052.0,25.0,,,5047.5,-597.0
83500,0,STARFRUIT,5051,1,5046.0,30.0,,,5053,30,,,,,5052.0,-597.0
83600,0,STARFRUIT,5045,24,,,,,5052,24,,,,,5048.5,-594.89990234375
83700,0,STARFRUIT,5046,27,,,,,5053,27,,,,,5049.5,-595.43017578125
83800,0,STARFRUIT,5046,22,,,,,5054,22,,,,,5050.0,-595.97119140625
83900,0,STARFRUIT,5046,26,,,,,5053,26,,,,,5049.5,-595.41748046875
84000,0,STARFRUIT,5046,21,,,,,5047,1,5053.0,21.0,,,5046.5,-595.6220703125
84100,0,STARFRUIT,5046,2,5045.0,28.0,,,5052,30,,,,,5049.0,-593.0
84200,0,STARFRUIT,5046,31,,,,,5053,31,,,,,5049.5,-593.0
84300,0,STARFRUIT,5046,5,5045.0,20.0,,,5053,20,,,,,5049.5,-593.0
84400,0,STARFRUIT,5046,28,,,,,5052,2,5053.0,26.0,,,5049.0,-593.0
84500,0,STARFRUIT,5047,5,5046.0,24.0,,,5053,24,,,,,5050.0,-593.0
84600,0,STARFRUIT,5046,30,,,,,5053,30,,,,,5049.5,-593.0
84700,0,STARFRUIT,5046,25,,,,,5053,25,,,,,5049.5,-593.0
84800,0,STARFRUIT,5046,26,,,,,5053,26,,,,,5049.5,-593.0
84900,0,STARFRUIT,5047,22,,,,,5054,22,,,,,5050.5,-593.0
85000,0,STARFRUIT,5047,24,,,,,5052,3,5054.0,24.0,,,5049.5,-593.0
85100,0,STARFRUIT,5047,31,,,,,5054,31,,,,,5050.5,-593.0
85200,0,STARFRUIT,5049,4,5046.0,21.0,,,5053,21,,,,,5051.0,-593.0
85300,0,STARFRUIT,5047,2,5046.0,28.0,,,5053,30,,,,,5050.0,-596.16015625
85400,0,STARFRUIT,5047,1,5046.0,21.0,,,5053,1,5054.0,21.0,,,5050.0,-596.9453125
85500,0,STARFRUIT,5047,1,5046.0,20.0,,,5051,5,5053.0,21.0,,,5049.0,-596.126953125
85600,0,STARFRUIT,5047,29,,,,,5054,29,,,,,5050.5,-598.80078125
85700,0,STARFRUIT,5047,28,,,,,5054,28,,,,,5050.5,-597.978515625
85800,0,STARFRUIT,5047,25,,,,,5048,2,5054.0,25.0,,,5047.5,-598.259765625
85900,0,STARFRUIT,5047,1,5046.0,22.0,,,5053,23,,,,,5050.0,-592.8662109375
86000,0,STARFRUIT,5051,4,5048.0,1.0,5047.0,22.0,5054,22,,,,,5052.5,-599.0
86100,0,STARFRUIT,5047,28,,,,,5054,28,,,,,5050.5,-596.4453125
86200,0,STARFRUIT,5047,28,,,,,5048,1,5054.0,28.0,,,5047.5,-597.830078125
86300,0,STARFRUIT,5049,5,5048.0,32.0,,,5055,32,,,,,5052.0,-597.654296875
86400,0,STARFRUIT,5049,2,5048.0,23.0,,,5055,2,5056.0,23.0,,,5052.0,-608.0
86500,0,STARFRUIT,5050,6,5049.0,21.0,,,5056,21,,,,,5053.0,-608.0
86600,0,STARFRUIT,5048,29,,,,,5055,30,,,,,5051.5,-616.8515625
86700,0,STARFRUIT,5053,3,5048.0,28.0,,,5055,28,,,,,5054.0,-618.05859375
86800,0,STARFRUIT,5048,30,,,,,5055,30,,,,,5051.5,-612.22265625
86900,0,STARFRUIT,5048,28,,,,,5051,1,5055.0,28.0,,,5049.5,-613.5390625
87000,0,STARFRUIT,5048,27,,,,,5055,27,,,,,5051.5,-612.01171875
87100,0,STARFRUIT,5049,27,,,,,5056,27,,,,,5052.5,-620.37890625
87200,0,STARFRUIT,5049,23,,,,,5056,23,,,,,5052.5,-623.48046875
87300,0,STARFRUIT,5049,29,,,,,5056,29,,,,,5052.5,-620.21875
87400,0,STARFRUIT,5049,29,,,,,5055,1,5056.0,29.0,,,5052.0,-618.796875
87500,0,STARFRUIT,5049,22,,,,,5056,22,,,,,5052.5,-619.8984375
87600,0,STARFRUIT,5054,1,5049.0,6.0,5048.0,29.0,5055,31,,,,,5054.5,-616.21484375
87700,0,STARFRUIT,5049,25,,,,,5055,2,5056.0,23.0,,,5052.0,-616.98828125
87800,0,STARFRUIT,5050,8,5049.0,31.0,,,5056,31,,,,,5053.0,-620.2578125
87900,0,STARFRUIT,5055,1,5049.0,23.0,,,5056,23,,,,,5055.5,-620.5859375
88000,0,STARFRUIT,5050,28,,,,,5056,2,5057.0,26.0,,,5053.0,-623.9140625
88100,0,STARFRUIT,5050,29,,,,,5057,29,,,,,5053.5,-629.14453125
88200,0,STARFRUIT,5051,2,5050.0,20.0,,,5057,22,,,,,5054.0,-631.77734375
88300,0,STARFRUIT,5056,10,5052.0,7.0,5051.0,1.0,5057,1,5058.0,29.0,,,5056.5,-634.28125
88400,0,STARFRUIT,5050,24,,,,,5055,2,5057.0,24.0,,,5052.5,-609.5625
88500,0,STARFRUIT,5051,22,,,,,5058,22,,,,,5054.5,-625.671875
88600,0,STARFRUIT,5050,30,,,,,5052,4,5055.0,2.0,5057.0,30.0,5051.0,-608.96875
88700,0,STARFRUIT,5050,5,5049.0,27.0,,,5056,27,,,,,5053.0,-591.109375
88800,0,STARFRUIT,5050,4,5049.0,27.0,,,5056,29,,,,,5053.0,-592.0546875
88900,0,STARFRUIT,5050,1,5049.0,26.0,,,5056,27,,,,,5053.0,-591.890625
89000,0,STARFRUIT,5050,24,,,,,5057,24,,,,,5053.5,-603.640625
89100,0,STARFRUIT,5051,3,5050.0,21.0,,,5057,21,,,,,5054.0,-607.65625
89200,0,STARFRUIT,5050,2,5049.0,24.0,,,5054,1,5056.0,26.0,,,5052.0,-593.65625
89300,0,STARFRUIT,5050,3,5049.0,26.0,,,5056,26,,,,,5053.0,-589.5625
89400,0,STARFRUIT,5050,7,5049.0,31.0,,,5056,31,,,,,5053.0,-585.890625
89500,0,STARFRUIT,5049,32,,,,,5056,32,,,,,5052.5,-580.53125
89600,0,STARFRUIT,5049,24,,,,,5055,2,5056.0,23.0,,,5052.0,-578.90625
89700,0,STARFRUIT,5049,23,,,,,5056,23,,,,,5052.5,-586.6171875
89800,0,STARFRUIT,5055,1,5050.0,8.0,5049.0,27.0,5056,27,,,,,5055.5,-594.7109375
89900,0,STARFRUIT,5050,30,,,,,5056,2,5057.0,28.0,,,5053.0,-598.359375
90000,0,STARFRUIT,5052,2,5050.0,22.0,,,5058,22,,,,,5055.0,-616.5859375
90100,0,STARFRUIT,5051,22,,,,,5056,8,5057.0,1.0,5058.0,21.0,5053.5,-619.6875
90200,0,STARFRUIT,5050,26,,,,,5055,6,5057.0,26.0,,,5052.5,-610.96875
90300,0,STARFRUIT,5051,3,5050.0,28.0,,,5057,28,,,,,5054.0,-612.4921875
90400,0,STARFRUIT,5051,26,,,,,5056,7,5058.0,26.0,,,5053.5,-617.65625
90500,0,STARFRUIT,5051,9,5050.0,27.0,,,5057,28,,,,,5054.0,-613.5390625
90600,0,STARFRUIT,5051,23,,,,,5058,23,,,,,5054.5,-625.4609375
90700,0,STARFRUIT,5051,20,,,,,5058,20,,,,,5054.5,-627.3671875
90800,0,STARFRUIT,5052,1,5051.0,25.0,,,5058,26,,,,,5055.0,-633.484375
90900,0,STARFRUIT,5051,22,,,,,5058,22,,,,,5054.5,-624.6796875
91000,0,STARFRUIT,5052,32,,,,,5058,2,5059.0,30.0,,,5055.0,-637.90625
91100,0,STARFRUIT,5052,26,,,,,5059,26,,,,,5055.5,-653.328125
91200,0,STARFRUIT,5053,1,5052.0,20.0,,,5057,4,5059.0,21.0,,,5055.0,-652.734375
91300,0,STARFRUIT,5053,22,,,,,5058,7,5060.0,22.0,,,5055.5,-661.90625
91400,0,STARFRUIT,5054,26,,,,,5060,2,5061.0,24.0,,,5057.0,-677.9609375
91500,0,STARFRUIT,5055,2,5054.0,27.0,,,5061,27,,,,,5058.0,-680.90625
91600,0,STARFRUIT,5058,3,5054.0,3.0,5053.0,22.0,5060,22,,,,,5059.0,-669.8984375
91700,0,STARFRUIT,5053,26,,,,,5060,26,,,,,5056.5,-667.265625
91800,0,STARFRUIT,5057,5,5054.0,21.0,,,5060,1,5061.0,20.0,,,5058.5,-677.8828125
91900,0,STARFRUIT,5058,5,5054.0,30.0,,,5059,2,5061.0,30.0,,,5058.5,-685.296875
92000,0,STARFRUIT,5055,6,5054.0,24.0,,,5061,24,,,,,5058.0,-690.46875
92100,0,STARFRUIT,5054,31,,,,,5061,31,,,,,5057.5,-689.6015625
92200,0,STARFRUIT,5054,29,,,,,5061,29,,,,,5057.5,-688.4296875
92300,0,STARFRUIT,5054,25,,,,,5055,1,5061.0,25.0,,,5054.5,-688.046875
92400,0,STARFRUIT,5054,21,,,,,5061,21,,,,,5057.5,-692.4921875
92500,0,STARFRUIT,5054,29,,,,,5060,2,5061.0,27.0,,,5057.0,-678.4375
92600,0,STARFRUIT,5054,26,,,,,5061,27,,,,,5057.5,-680.9375
92700,0,STARFRUIT,5053,27,,,,,5058,7,5060.0,27.0,,,5055.5,-665.6171875
92800,0,STARFRUIT,5054,30,,,,,5061,30,,,,,5057.5,-681.15625
92900,0,STARFRUIT,5055,4,5054.0,28.0,,,5061,2,5062.0,28.0,,,5058.0,-695.375
93000,0,STARFRUIT,5054,23,,,,,5061,23,,,,,5057.5,-690.1875
93100,0,STARFRUIT,5054,27,,,,,5057,2,5061.0,27.0,,,5055.5,-686.3125
93200,0,STARFRUIT,5054,23,,,,,5061,23,,,,,5057.5,-694.0390625
93300,0,STARFRUIT,5054,23,,,,,5057,6,5059.0,1.0,5061.0,23.0,5055.5,-685.46875
93400,0,STARFRUIT,5054,23,,,,,5061,23,,,,,5057.5,-693.4375
93500,0,STARFRUIT,5059,5,5055.0,1.0,5054.0,28.0,5061,29,,,,,5060.0,-692.859375
93600,0,STARFRUIT,5055,29,,,,,5062,29,,,,,5058.5,-711.578125
93700,0,STARFRUIT,5056,1,5055.0,29.0,,,5062,30,,,,,5059.0,-712.703125
93800,0,STARFRUIT,5056,21,,,,,5061,6,5062.0,1.0,5063.0,20.0,5058.5,-717.5546875
93900,0,STARFRUIT,5056,29,,,,,5063,29,,,,,5059.5,-727.3125
94000,0,STARFRUIT,5057,8,5056.0,22.0,,,5063,22,,,,,5060.0,-732.3125
94100,0,STARFRUIT,5057,1,5056.0,30.0,,,5063,31,,,,,5060.0,-731.8984375
94200,0,STARFRUIT,5056,28,,,,,5061,3,5063.0,28.0,,,5058.5,-729.8984375
94300,0,STARFRUIT,5056,31,,,,,5063,31,,,,,5059.5,-722.9609375
94400,0,STARFRUIT,5057,23,,,,,5063,1,5064.0,22.0,,,5060.0,-740.125
94500,0,STARFRUIT,5057,21,,,,,5064,21,,,,,5060.5,-745.453125
94600,0,STARFRUIT,5058,2,5057.0,28.0,,,5064,28,,,,,5061.0,-741.09375
94700,0,STARFRUIT,5062,1,5057.0,21.0,,,5063,1,5064.0,20.0,,,5062.5,-739.046875
94800,0,STARFRUIT,5057,23,,,,,5063,1,5064.0,22.0,,,5060.0,-738.5625
94900,0,STARFRUIT,5056,2,5055.0,26.0,,,5062,28,,,,,5059.0,-714.8359375
95000,0,STARFRUIT,5057,6,5056.0,30.0,,,5063,30,,,,,5060.0,-725.6171875
95100,0,STARFRUIT,5061,1,5056.0,22.0,,,5063,22,,,,,5062.0,-720.5234375
95200,0,STARFRUIT,5056,29,,,,,5063,29,,,,,5059.5,-720.5390625
95300,0,STARFRUIT,5056,26,,,,,5061,4,5063.0,26.0,,,5058.5,-718.6171875
95400,0,STARFRUIT,5056,30,,,,,5061,1,5063.0,30.0,,,5058.5,-726.421875
95500,0,STARFRUIT,5056,21,,,,,5061,3,5063.0,21.0,,,5058.5,-732.65625
95600,0,STARFRUIT,5056,21,,,,,5063,21,,,,,5059.5,-724.4296875
95700,0,STARFRUIT,5056,29,,,,,5062,2,5063.0,27.0,,,5059.0,-718.6484375
95800,0,STARFRUIT,5056,22,,,,,5057,1,5063.0,22.0,,,5056.5,-726.8203125
95900,0,STARFRUIT,5062,1,5057.0,1.0,5056.0,24.0,5063,24,,,,,5062.5,-727.71875
96000,0,STARFRUIT,5062,1,5057.0,1.0,5056.0,20.0,5063,21,,,,,5062.5,-790.0
96100,0,STARFRUIT,5056,26,,,,,5063,27,,,,,5059.5,-787.4677734375
96200,0,STARFRUIT,5056,21,,,,,5063,21,,,,,5059.5,-787.4453125
96300,0,STARFRUIT,5056,23,,,,,5063,23,,,,,5059.5,-787.3408203125
96400,0,STARFRUIT,5057,9,5056.0,25.0,,,5063,27,,,,,5060.0,-787.84375
96500,0,STARFRUIT,5057,6,5056.0,27.0,,,5063,27,,,,,5060.0,-787.404296875
96600,0,STARFRUIT,5059,4,5056.0,25.0,,,5061,1,5063.0,25.0,,,5060.0,-787.2236328125
96700,0,STARFRUIT,5055,32,,,,,5060,2,5062.0,32.0,,,5057.5,-786.78125
96800,0,STARFRUIT,5056,4,5055.0,30.0,,,5062,30,,,,,5059.0,-786.4384765625
96900,0,STARFRUIT,5055,23,,,,,5062,23,,,,,5058.5,-786.2744140625
97000,0,STARFRUIT,5054,25,,,,,5061,25,,,,,5057.5,-785.33056640625
97100,0,STARFRUIT,5054,29,,,,,5059,8,5061.0,29.0,,,5056.5,-785.28271484375
97200,0,STARFRUIT,5053,20,,,,,5055,5,5060.0,20.0,,,5054.0,-787.0
97300,0,STARFRUIT,5059,1,5054.0,6.0,5053.0,21.0,5060,21,,,,,5059.5,-778.408203125
97400,0,STARFRUIT,5057,1,5052.0,30.0,,,5059,30,,,,,5058.0,-784.658203125
97500,0,STARFRUIT,5052,24,,,,,5059,24,,,,,5055.5,-783.08984375
97600,0,STARFRUIT,5055,6,5052.0,27.0,,,5057,2,5059.0,27.0,,,5056.0,-785.1015625
97700,0,STARFRUIT,5052,29,,,,,5059,29,,,,,5055.5,-785.5703125
97800,0,STARFRUIT,5052,2,5051.0,26.0,,,5056,7,5058.0,2.0,5059.0,26.0,5054.0,-791.15234375
97900,0,STARFRUIT,5052,23,,,,,5059,23,,,,,5055.5,-790.9140625
98000,0,STARFRUIT,5052,27,,,,,5058,2,5059.0,25.0,,,5055.0,-797.0390625
98100,0,STARFRUIT,5052,30,,,,,5053,1,5057.0,3.0,5059.0,30.0,5052.5,-787.875
98200,0,STARFRUIT,5052,29,,,,,5059,29,,,,,5055.5,-786.640625
98300,0,STARFRUIT,5052,21,,,,,5055,3,5059.0,21.0,,,5053.5,-789.9609375
98400,0,STARFRUIT,5052,28,,,,,5059,28,,,,,5055.5,-788.6328125
98500,0,STARFRUIT,5052,32,,,,,5059,32,,,,,5055.5,-791.375
98600,0,STARFRUIT,5052,24,,,,,5059,24,,,,,5055.5,-789.421875
98700,0,STARFRUIT,5052,26,,,,,5059,26,,,,,5055.5,-787.7734375
98800,0,STARFRUIT,5052,25,,,,,5058,2,5059.0,23.0,,,5055.0,-792.453125
98900,0,STARFRUIT,5052,4,5051.0,25.0,,,5058,25,,,,,5055.0,-807.2734375
99000,0,STARFRUIT,5051,28,,,,,5058,28,,,,,5054.5,-807.5546875
99100,0,STARFRUIT,5050,22,,,,,5057,22,,,,,5053.5,-824.640625
99200,0,STARFRUIT,5050,26,,,,,5057,26,,,,,5053.5,-825.734375
99300,0,STARFRUIT,5055,1,5050.0,2.0,5049.0,21.0,5056,2,5057.0,21.0,,,5055.5,-831.546875
99400,0,STARFRUIT,5050,1,5049.0,29.0,,,5056,30,,,,,5053.0,-833.953125
99500,0,STARFRUIT,5049,20,,,,,5056,20,,,,,5052.5,-834.40625
99600,0,STARFRUIT,5049,28,,,,,5056,28,,,,,5052.5,-840.078125
99700,0,STARFRUIT,5050,26,,,,,5057,26,,,,,5053.5,-821.15625
99800,0,STARFRUIT,5051,1,5050.0,25.0,,,5057,26,,,,,5054.0,-815.390625
99900,0,STARFRUIT,5050,28,,,,,5051,1,5057.0,28.0,,,5050.5,-819.7578125
