timestamp,product,bid_price_1,bid_volume_1,bid_price_2,bid_volume_2,bid_price_3,bid_volume_3,ask_price_1,ask_volume_1,ask_price_2,ask_volume_2,ask_price_3,ask_volume_3,mid_price,profit_and_loss
0,MIRACLEFRUIT,5110,42,5109,28,5108,8,5122,17,5123,47,5124,9,5116.0,0.0
100,MIRACLEFRUIT,4805,46,4804,84,4803,40,4817,10,4818,8,4819,21,4811.0,0.0
200,MIRACLEFRUIT,4996,30,4995,90,4994,58,5009,13,5010,5,5011,6,5002.5,0.0
300,MIRACLEFRUIT,5150,16,5149,82,5148,96,5163,30,5164,31,5165,17,5156.5,0.0
400,MIRACLEFRUIT,4932,38,4931,96,4930,78,4938,11,4939,20,4940,48,4935.0,0.0
500,MIRACLEFRUIT,5157,46,5156,28,5155,46,5176,18,5177,4,5178,74,5166.5,0.0
600,MIRACLEFRUIT,5058,27,5057,4,5056,15,5064,2,5065,8,5066,72,5061.0,0.0
700,MIRACLEFRUIT,4822,35,4821,37,4820,1,4829,50,4830,6,4831,18,4825.5,0.0
800,MIRACLEFRUIT,4852,3,4851,47,4850,24,4857,44,4858,46,4859,24,4854.5,0.0
900,MIRACLEFRUIT,4964,27,4963,40,4962,36,4972,20,4973,68,4974,86,4968.0,0.0
1000,MIRACLEFRUIT,5001,68,5000,58,4999,48,5019,10,5020,30,5021,22,5010.0,0.0
1100,MIRACLEFRUIT,4882,48,4881,84,4880,8,4890,6,4891,2,4892,30,4886.0,0.0
1200,MIRACLEFRUIT,4944,6,4943,68,4942,98,4962,2,4963,32,4964,42,4953.0,0.0
1300,MIRACLEFRUIT,4884,46,4883,46,4882,90,4897,16,4898,12,4899,1,4890.5,0.0
1400,MIRACLEFRUIT,4877,10,4876,62,4875,82,4890,8,4891,48,4892,13,4883.5,0.0
1500,MIRACLEFRUIT,5165,6,5164,37,5163,10,5178,30,5179,88,5180,16,5171.5,0.0
1600,MIRACLEFRUIT,4800,40,4799,7,4798,39,4814,20,4815,92,4816,10,4807.0,0.0
1700,MIRACLEFRUIT,4850,38,4849,21,4848,20,4861,38,4862,94,4863,76,4855.5,0.0
1800,MIRACLEFRUIT,4972,3,4971,22,4970,47,4990,22,4991,86,4992,40,4981.0,0.0
1900,MIRACLEFRUIT,5004,4,5003,28,5002,12,5023,40,5024,42,5025,36,5013.5,0.0
2000,MIRACLEFRUIT,5059,76,5058,72,5057,94,5065,10,5066,34,5067,26,5062.0,0.0
2100,MIRACLEFRUIT,5168,82,5167,10,5166,26,5182,30,5183,9,5184,46,5175.0,0.0
2200,MIRACLEFRUIT,5087,46,5086,60,5085,74,5096,31,5097,42,5098,4,5091.5,0.0
2300,MIRACLEFRUIT,4833,50,4832,96,4831,54,4841,6,4842,14,4843,4,4837.0,0.0
2400,MIRACLEFRUIT,5147,28,5146,96,5145,94,5163,26,5164,47,5165,48,5155.0,0.0
2500,MIRACLEFRUIT,4894,36,4893,39,4892,16,4909,78,4910,34,4911,38,4901.5,0.0
2600,MIRACLEFRUIT,4871,22,4870,21,4869,21,4883,98,4884,12,4885,58,4877.0,0.0
2700,MIRACLEFRUIT,4838,8,4837,49,4836,16,4844,22,4845,32,4846,60,4841.0,0.0
2800,MIRACLEFRUIT,4953,31,4952,42,4951,10,4963,50,4964,80,4965,22,4958.0,0.0
2900,MIRACLEFRUIT,5049,32,5048,34,5047,9,5066,14,5067,52,5068,44,5057.5,0.0
3000,MIRACLEFRUIT,4961,34,4960,22,4959,64,4970,25,4971,19,4972,31,4965.5,0.0
3100,MIRACLEFRUIT,4917,20,4916,44,4915,34,4936,26,4937,42,4938,41,4926.5,0.0
3200,MIRACLEFRUIT,5058,8,5057,96,5056,94,5074,36,5075,23,5076,47,5066.0,0.0
3300,MIRACLEFRUIT,5178,50,5177,42,5176,74,5184,13,5185,25,5186,2,5181.0,0.0
3400,MIRACLEFRUIT,5105,76,5104,98,5103,2,5120,2,5121,16,5122,9,5112.5,0.0
3500,MIRACLEFRUIT,5067,25,5066,36,5065,17,5081,56,5082,26,5083,70,5074.0,0.0
3600,MIRACLEFRUIT,4853,41,4852,24,4851,2,4872,82,4873,26,4874,62,4862.5,0.0
3700,MIRACLEFRUIT,5035,40,5034,15,5033,32,5040,42,5041,64,5042,68,5037.5,0.0
3800,MIRACLEFRUIT,5188,39,5187,6,5186,1,5200,16,5201,82,5202,96,5194.0,0.0
3900,MIRACLEFRUIT,5021,47,5020,23,5019,39,5027,4,5028,76,5029,64,5024.0,0.0
4000,MIRACLEFRUIT,5050,34,5049,68,5048,82,5061,40,5062,28,5063,37,5055.5,0.0
4100,MIRACLEFRUIT,5112,58,5111,18,5110,26,5125,41,5126,1,5127,41,5118.5,0.0
4200,MIRACLEFRUIT,4911,12,4910,12,4909,40,4924,10,4925,4,4926,35,4917.5,0.0
4300,MIRACLEFRUIT,5054,6,5053,34,5052,98,5066,10,5067,47,5068,11,5060.0,0.0
4400,MIRACLEFRUIT,5102,24,5101,96,5100,94,5117,14,5118,38,5119,12,5109.5,0.0
4500,MIRACLEFRUIT,5006,45,5005,1,5004,17,5024,90,5025,34,5026,32,5015.0,0.0
4600,MIRACLEFRUIT,5028,3,5027,26,5026,15,5044,70,5045,4,5046,22,5036.0,0.0
4700,MIRACLEFRUIT,5140,36,5139,32,5138,32,5154,82,5155,6,5156,58,5147.0,0.0
4800,MIRACLEFRUIT,5197,4,5196,18,5195,49,5210,36,5211,40,5212,94,5203.5,0.0
4900,MIRACLEFRUIT,4865,19,4864,43,4863,35,4871,28,4872,68,4873,98,4868.0,0.0
5000,MIRACLEFRUIT,4874,80,4873,28,4872,66,4884,31,4885,40,4886,42,4879.0,0.0
5100,MIRACLEFRUIT,4902,28,4901,68,4900,8,4910,18,4911,30,4912,25,4906.0,0.0
5200,MIRACLEFRUIT,4991,48,4990,58,4989,38,5009,19,5010,8,5011,28,5000.0,0.0
5300,MIRACLEFRUIT,5051,12,5050,66,5049,98,5059,8,5060,31,5061,3,5055.0,0.0
5400,MIRACLEFRUIT,5025,80,5024,38,5023,2,5034,3,5035,44,5036,22,5029.5,0.0
5500,MIRACLEFRUIT,5093,5,5092,27,5091,16,5109,34,5110,72,5111,34,5101.0,0.0
5600,MIRACLEFRUIT,5105,6,5104,40,5103,13,5112,28,5113,18,5114,60,5108.5,0.0
5700,MIRACLEFRUIT,4897,48,4896,35,4895,19,4915,42,4916,24,4917,74,4906.0,0.0
5800,MIRACLEFRUIT,5137,12,5136,16,5135,43,5142,64,5143,22,5144,40,5139.5,0.0
5900,MIRACLEFRUIT,5085,10,5084,25,5083,20,5097,70,5098,94,5099,92,5091.0,0.0
6000,MIRACLEFRUIT,5134,62,5133,8,5132,88,5143,11,5144,8,5145,4,5138.5,0.0
6100,MIRACLEFRUIT,5146,46,5145,4,5144,44,5153,27,5154,44,5155,40,5149.5,0.0
6200,MIRACLEFRUIT,5107,74,5106,16,5105,14,5121,38,5122,47,5123,30,5114.0,0.0
6300,MIRACLEFRUIT,5048,28,5047,6,5046,32,5066,44,5067,48,5068,48,5057.0,0.0
6400,MIRACLEFRUIT,4965,38,4964,36,4963,32,4976,27,4977,21,4978,20,4970.5,0.0
6500,MIRACLEFRUIT,5134,8,5133,33,5132,49,5145,8,5146,22,5147,26,5139.5,0.0
6600,MIRACLEFRUIT,4829,12,4828,11,4827,5,4834,18,4835,8,4836,24,4831.5,0.0
6700,MIRACLEFRUIT,5046,27,5045,12,5044,17,5062,18,5063,26,5064,96,5054.0,0.0
6800,MIRACLEFRUIT,4905,6,4904,33,4903,5,4918,52,4919,76,4920,84,4911.5,0.0
6900,MIRACLEFRUIT,4850,28,4849,14,4848,5,4869,26,4870,78,4871,56,4859.5,0.0
7000,MIRACLEFRUIT,4880,66,4879,96,4878,82,4886,19,4887,24,4888,19,4883.0,0.0
7100,MIRACLEFRUIT,4932,38,4931,44,4930,10,4941,49,4942,13,4943,13,4936.5,0.0
7200,MIRACLEFRUIT,5084,4,5083,60,5082,94,5101,28,5102,2,5103,10,5092.5,0.0
7300,MIRACLEFRUIT,5187,78,5186,8,5185,66,5205,22,5206,13,5207,9,5196.0,0.0
7400,MIRACLEFRUIT,4937,26,4936,40,4935,14,4946,33,4947,14,4948,48,4941.5,0.0
7500,MIRACLEFRUIT,4983,15,4982,23,4981,14,5001,40,5002,30,5003,64,4992.0,0.0
7600,MIRACLEFRUIT,5129,23,5128,19,5127,29,5141,66,5142,34,5143,48,5135.0,0.0
7700,MIRACLEFRUIT,5072,20,5071,29,5070,24,5090,60,5091,26,5092,94,5081.0,0.0
7800,MIRACLEFRUIT,5139,18,5138,10,5137,41,5151,96,5152,32,5153,4,5145.0,0.0
7900,MIRACLEFRUIT,4868,8,4867,26,4866,29,4886,34,4887,64,4888,86,4877.0,0.0
8000,MIRACLEFRUIT,4833,20,4832,34,4831,4,4844,8,4845,3,4846,12,4838.5,0.0
8100,MIRACLEFRUIT,5061,12,5060,10,5059,56,5072,20,5073,16,5074,14,5066.5,0.0
8200,MIRACLEFRUIT,4852,82,4851,10,4850,36,4868,16,4869,49,4870,43,4860.0,0.0
8300,MIRACLEFRUIT,5004,52,5003,40,5002,82,5019,49,5020,33,5021,30,5011.5,0.0
8400,MIRACLEFRUIT,4925,98,4924,54,4923,98,4935,12,4936,15,4937,18,4930.0,0.0
8500,MIRACLEFRUIT,5034,12,5033,7,5032,3,5044,56,5045,46,5046,28,5039.0,0.0
8600,MIRACLEFRUIT,4842,10,4841,34,4840,25,4857,60,4858,66,4859,90,4849.5,0.0
8700,MIRACLEFRUIT,5039,35,5038,16,5037,2,5052,30,5053,14,5054,30,5045.5,0.0
8800,MIRACLEFRUIT,5170,24,5169,10,5168,38,5180,84,5181,92,5182,76,5175.0,0.0
8900,MIRACLEFRUIT,4910,22,4909,26,4908,43,4926,92,4927,88,4928,22,4918.0,0.0
9000,MIRACLEFRUIT,5048,78,5047,54,5046,58,5065,29,5066,31,5067,25,5056.5,0.0
9100,MIRACLEFRUIT,4950,94,4949,76,4948,40,4967,24,4968,19,4969,2,4958.5,0.0
9200,MIRACLEFRUIT,4982,54,4981,82,4980,40,4988,22,4989,20,4990,33,4985.0,0.0
9300,MIRACLEFRUIT,5135,88,5134,38,5133,40,5141,8,5142,25,5143,46,5138.0,0.0
9400,MIRACLEFRUIT,4894,70,4893,94,4892,4,4911,9,4912,34,4913,23,4902.5,0.0
9500,MIRACLEFRUIT,5173,30,5172,34,5171,22,5182,10,5183,50,5184,16,5177.5,0.0
9600,MIRACLEFRUIT,5199,3,5198,6,5197,15,5218,32,5219,96,5220,90,5208.5,0.0
9700,MIRACLEFRUIT,4807,27,4806,10,4805,9,4815,30,4816,2,4817,44,4811.0,0.0
9800,MIRACLEFRUIT,5187,33,5186,32,5185,48,5202,6,5203,76,5204,28,5194.5,0.0
9900,MIRACLEFRUIT,5159,6,5158,41,5157,36,5165,72,5166,36,5167,94,5162.0,0.0
10000,MIRACLEFRUIT,5187,4,5186,58,5185,8,5206,41,5207,18,5208,3,5196.5,0.0
10100,MIRACLEFRUIT,4983,2,4982,38,4981,52,5002,10,5003,49,5004,39,4992.5,0.0
10200,MIRACLEFRUIT,5080,50,5079,20,5078,30,5087,47,5088,1,5089,27,5083.5,0.0
10300,MIRACLEFRUIT,4994,44,4993,96,4992,42,5005,27,5006,11,5007,49,4999.5,0.0
10400,MIRACLEFRUIT,5151,44,5150,72,5149,68,5163,5,5164,7,5165,19,5157.0,0.0
10500,MIRACLEFRUIT,4994,30,4993,25,4992,45,5010,58,5011,30,5012,70,5002.0,0.0
10600,MIRACLEFRUIT,4954,28,4953,1,4952,49,4971,94,4972,74,4973,24,4962.5,0.0
10700,MIRACLEFRUIT,4892,45,4891,4,4890,7,4902,60,4903,40,4904,74,4897.0,0.0
10800,MIRACLEFRUIT,4959,49,4958,9,4957,36,4974,6,4975,18,4976,82,4966.5,0.0
10900,MIRACLEFRUIT,4860,19,4859,1,4858,10,4869,78,4870,52,4871,4,4864.5,0.0
11000,MIRACLEFRUIT,4921,72,4920,18,4919,90,4938,23,4939,23,4940,21,4929.5,0.0
11100,MIRACLEFRUIT,4850,92,4849,84,4848,64,4855,16,4856,9,4857,13,4852.5,0.0
11200,MIRACLEFRUIT,5076,64,5075,12,5074,96,5088,28,5089,27,5090,17,5082.0,0.0
11300,MIRACLEFRUIT,4804,76,4803,34,4802,20,4811,38,4812,36,4813,1,4807.5,0.0
11400,MIRACLEFRUIT,4891,54,4890,70,4889,42,4910,18,4911,9,4912,13,4900.5,0.0
11500,MIRACLEFRUIT,4969,25,4968,28,4967,47,4979,80,4980,90,4981,30,4974.0,0.0
11600,MIRACLEFRUIT,5116,15,5115,4,5114,29,5123,86,5124,88,5125,92,5119.5,0.0
11700,MIRACLEFRUIT,4821,9,4820,27,4819,26,4832,8,4833,66,4834,48,4826.5,0.0
11800,MIRACLEFRUIT,5125,19,5124,28,5123,17,5142,72,5143,82,5144,20,5133.5,0.0
11900,MIRACLEFRUIT,4800,43,4799,41,4798,42,4818,72,4819,40,4820,82,4809.0,0.0
12000,MIRACLEFRUIT,4932,40,4931,90,4930,80,4943,45,4944,44,4945,11,4937.5,0.0
12100,MIRACLEFRUIT,5032,78,5031,98,5030,46,5048,12,5049,18,5050,30,5040.0,0.0
12200,MIRACLEFRUIT,4811,94,4810,64,4809,94,4830,44,4831,48,4832,37,4820.5,0.0
12300,MIRACLEFRUIT,5145,66,5144,92,5143,10,5158,20,5159,25,5160,12,5151.5,0.0
12400,MIRACLEFRUIT,4845,86,4844,96,4843,68,4854,21,4855,25,4856,11,4849.5,0.0
12500,MIRACLEFRUIT,4833,40,4832,11,4831,3,4852,18,4853,50,4854,70,4842.5,0.0
12600,MIRACLEFRUIT,4877,33,4876,11,4875,16,4889,64,4890,98,4891,28,4883.0,0.0
12700,MIRACLEFRUIT,5017,18,5016,30,5015,48,5031,2,5032,34,5033,50,5024.0,0.0
12800,MIRACLEFRUIT,5100,10,5099,18,5098,38,5114,16,5115,10,5116,10,5107.0,0.0
12900,MIRACLEFRUIT,4872,19,4871,36,4870,13,4884,82,4885,70,4886,38,4878.0,0.0
13000,MIRACLEFRUIT,5081,92,5080,6,5079,20,5086,23,5087,9,5088,30,5083.5,0.0
13100,MIRACLEFRUIT,5048,76,5047,2,5046,54,5064,16,5065,33,5066,2,5056.0,0.0
13200,MIRACLEFRUIT,4846,92,4845,16,4844,92,4855,14,4856,46,4857,1,4850.5,0.0
13300,MIRACLEFRUIT,4920,84,4919,34,4918,18,4927,26,4928,25,4929,16,4923.5,0.0
13400,MIRACLEFRUIT,5013,12,5012,86,5011,50,5018,15,5019,26,5020,47,5015.5,0.0
13500,MIRACLEFRUIT,5038,39,5037,49,5036,28,5046,88,5047,32,5048,28,5042.0,0.0
13600,MIRACLEFRUIT,4855,33,4854,37,4853,9,4867,58,4868,48,4869,94,4861.0,0.0
13700,MIRACLEFRUIT,5149,18,5148,21,5147,2,5156,30,5157,38,5158,16,5152.5,0.0
13800,MIRACLEFRUIT,4906,43,4905,38,4904,40,4920,68,4921,4,4922,54,4913.0,0.0
13900,MIRACLEFRUIT,5118,36,5117,43,5116,37,5124,20,5125,70,5126,46,5121.0,0.0
14000,MIRACLEFRUIT,4847,30,4846,56,4845,36,4862,49,4863,8,4864,28,4854.5,0.0
14100,MIRACLEFRUIT,4860,68,4859,44,4858,22,4873,23,4874,4,4875,14,4866.5,0.0
14200,MIRACLEFRUIT,5136,26,5135,8,5134,44,5150,42,5151,29,5152,1,5143.0,0.0
14300,MIRACLEFRUIT,4825,14,4824,86,4823,48,4834,4,4835,32,4836,33,4829.5,0.0
14400,MIRACLEFRUIT,5091,8,5090,56,5089,30,5109,49,5110,26,5111,17,5100.0,0.0
14500,MIRACLEFRUIT,5056,1,5055,3,5054,14,5067,78,5068,46,5069,64,5061.5,0.0
14600,MIRACLEFRUIT,4807,38,4806,1,4805,38,4822,30,4823,26,4824,4,4814.5,0.0
14700,MIRACLEFRUIT,4912,38,4911,21,4910,48,4927,38,4928,48,4929,90,4919.5,0.0
14800,MIRACLEFRUIT,5154,29,5153,5,5152,49,5160,48,5161,22,5162,44,5157.0,0.0
14900,MIRACLEFRUIT,5052,10,5051,28,5050,21,5065,30,5066,20,5067,82,5058.5,0.0
15000,MIRACLEFRUIT,4979,14,4978,6,4977,90,4996,27,4997,9,4998,28,4987.5,0.0
15100,MIRACLEFRUIT,5006,94,5005,40,5004,38,5019,1,5020,17,5021,31,5012.5,0.0
15200,MIRACLEFRUIT,5102,70,5101,8,5100,10,5110,44,5111,10,5112,37,5106.0,0.0
15300,MIRACLEFRUIT,4926,2,4925,8,4924,24,4934,29,4935,18,4936,47,4930.0,0.0
15400,MIRACLEFRUIT,4855,54,4854,84,4853,46,4865,38,4866,39,4867,49,4860.0,0.0
15500,MIRACLEFRUIT,5013,25,5012,21,5011,24,5027,12,5028,80,5029,24,5020.0,0.0
15600,MIRACLEFRUIT,4813,25,4812,45,4811,46,4827,28,4828,88,4829,20,4820.0,0.0
15700,MIRACLEFRUIT,4827,32,4826,32,4825,5,4841,40,4842,30,4843,62,4834.0,0.0
15800,MIRACLEFRUIT,4877,36,4876,46,4875,42,4887,14,4888,82,4889,20,4882.0,0.0
15900,MIRACLEFRUIT,5015,49,5014,42,5013,39,5031,20,5032,96,5033,78,5023.0,0.0
16000,MIRACLEFRUIT,5185,32,5184,66,5183,98,5190,28,5191,30,5192,37,5187.5,0.0
16100,MIRACLEFRUIT,5164,42,5163,18,5162,12,5182,3,5183,43,5184,15,5173.0,0.0
16200,MIRACLEFRUIT,4953,90,4952,70,4951,78,4971,21,4972,37,4973,12,4962.0,0.0
16300,MIRACLEFRUIT,4813,44,4812,82,4811,10,4826,4,4827,47,4828,9,4819.5,0.0
16400,MIRACLEFRUIT,4986,84,4985,46,4984,34,4992,39,4993,42,4994,28,4989.0,0.0
16500,MIRACLEFRUIT,5111,12,5110,23,5109,16,5120,46,5121,90,5122,80,5115.5,0.0
16600,MIRACLEFRUIT,5170,3,5169,30,5168,22,5183,88,5184,44,5185,48,5176.5,0.0
16700,MIRACLEFRUIT,4806,9,4805,29,4804,47,4814,52,4815,60,4816,66,4810.0,0.0
16800,MIRACLEFRUIT,4802,37,4801,23,4800,13,4817,32,4818,44,4819,98,4809.5,0.0
16900,MIRACLEFRUIT,4910,32,4909,46,4908,47,4917,86,4918,36,4919,14,4913.5,0.0
17000,MIRACLEFRUIT,5037,96,5036,46,5035,90,5056,26,5057,8,5058,6,5046.5,0.0
17100,MIRACLEFRUIT,5162,34,5161,80,5160,42,5173,30,5174,39,5175,23,5167.5,0.0
17200,MIRACLEFRUIT,5038,4,5037,74,5036,12,5048,32,5049,22,5050,42,5043.0,0.0
17300,MIRACLEFRUIT,5073,88,5072,36,5071,60,5085,43,5086,45,5087,9,5079.0,0.0
17400,MIRACLEFRUIT,5093,44,5092,66,5091,60,5100,31,5101,7,5102,9,5096.5,0.0
17500,MIRACLEFRUIT,5026,17,5025,43,5024,32,5035,26,5036,6,5037,70,5030.5,0.0
17600,MIRACLEFRUIT,5170,42,5169,14,5168,10,5184,66,5185,42,5186,62,5177.0,0.0
17700,MIRACLEFRUIT,4814,47,4813,36,4812,34,4822,68,4823,64,4824,70,4818.0,0.0
17800,MIRACLEFRUIT,4991,9,4990,42,4989,28,5010,30,5011,64,5012,12,5000.5,0.0
17900,MIRACLEFRUIT,4918,11,4917,14,4916,39,4935,90,4936,42,4937,66,4926.5,0.0
18000,MIRACLEFRUIT,4827,94,4826,38,4825,30,4835,32,4836,19,4837,33,4831.0,0.0
18100,MIRACLEFRUIT,5001,56,5000,48,4999,16,5009,28,5010,31,5011,21,5005.0,0.0
18200,MIRACLEFRUIT,4838,86,4837,18,4836,94,4852,34,4853,15,4854,14,4845.0,0.0
18300,MIRACLEFRUIT,5072,66,5071,66,5070,38,5084,19,5085,43,5086,15,5078.0,0.0
18400,MIRACLEFRUIT,5030,6,5029,20,5028,80,5040,6,5041,9,5042,37,5035.0,0.0
18500,MIRACLEFRUIT,4885,47,4884,42,4883,1,4892,40,4893,68,4894,76,4888.5,0.0
18600,MIRACLEFRUIT,4925,29,4924,34,4923,13,4939,52,4940,36,4941,56,4932.0,0.0
18700,MIRACLEFRUIT,5099,1,5098,34,5097,29,5108,18,5109,64,5110,12,5103.5,0.0
18800,MIRACLEFRUIT,4824,48,4823,47,4822,13,4834,28,4835,56,4836,48,4829.0,0.0
18900,MIRACLEFRUIT,4944,48,4943,49,4942,29,4953,26,4954,86,4955,24,4948.5,0.0
19000,MIRACLEFRUIT,4812,78,4811,48,4810,52,4822,19,4823,21,4824,27,4817.0,0.0
19100,MIRACLEFRUIT,5011,34,5010,14,5009,26,5023,19,5024,24,5025,26,5017.0,0.0
19200,MIRACLEFRUIT,4824,10,4823,52,4822,98,4835,45,4836,28,4837,46,4829.5,0.0
19300,MIRACLEFRUIT,4867,6,4866,14,4865,98,4876,18,4877,44,4878,36,4871.5,0.0
19400,MIRACLEFRUIT,5193,78,5192,2,5191,98,5207,42,5208,29,5209,17,5200.0,0.0
19500,MIRACLEFRUIT,4866,17,4865,43,4864,25,4876,8,4877,88,4878,90,4871.0,0.0
19600,MIRACLEFRUIT,5032,3,5031,15,5030,29,5050,58,5051,8,5052,20,5041.0,0.0
19700,MIRACLEFRUIT,4908,43,4907,32,4906,26,4916,50,4917,62,4918,6,4912.0,0.0
19800,MIRACLEFRUIT,4945,16,4944,25,4943,28,4961,94,4962,4,4963,50,4953.0,0.0
19900,MIRACLEFRUIT,4910,9,4909,1,4908,29,4923,98,4924,12,4925,52,4916.5,0.0
20000,MIRACLEFRUIT,5027,44,5026,32,5025,82,5044,8,5045,35,5046,27,5035.5,0.0
20100,MIRACLEFRUIT,4910,88,4909,82,4908,14,4918,25,4919,18,4920,1,4914.0,0.0
20200,MIRACLEFRUIT,4833,28,4832,58,4831,38,4838,48,4839,39,4840,3,4835.5,0.0
20300,MIRACLEFRUIT,4910,38,4909,4,4908,82,4921,4,4922,41,4923,37,4915.5,0.0
20400,MIRACLEFRUIT,5063,90,5062,30,5061,6,5074,15,5075,8,5076,38,5068.5,0.0
20500,MIRACLEFRUIT,5168,11,5167,46,5166,30,5176,38,5177,94,5178,52,5172.0,0.0
20600,MIRACLEFRUIT,5035,40,5034,18,5033,48,5052,78,5053,20,5054,76,5043.5,0.0
20700,MIRACLEFRUIT,4882,2,4881,32,4880,8,4900,28,4901,98,4902,82,4891.0,0.0
20800,MIRACLEFRUIT,4841,22,4840,6,4839,12,4848,38,4849,60,4850,10,4844.5,0.0
20900,MIRACLEFRUIT,4900,47,4899,40,4898,36,4912,62,4913,14,4914,38,4906.0,0.0
21000,MIRACLEFRUIT,4805,30,4804,56,4803,98,4814,31,4815,39,4816,24,4809.5,0.0
21100,MIRACLEFRUIT,4979,90,4978,36,4977,4,4993,34,4994,23,4995,48,4986.0,0.0
21200,MIRACLEFRUIT,5081,26,5080,90,5079,30,5092,45,5093,40,5094,6,5086.5,0.0
21300,MIRACLEFRUIT,5119,40,5118,58,5117,84,5127,38,5128,41,5129,36,5123.0,0.0
21400,MIRACLEFRUIT,5025,58,5024,6,5023,38,5033,27,5034,11,5035,5,5029.0,0.0
21500,MIRACLEFRUIT,5114,3,5113,14,5112,40,5126,34,5127,14,5128,54,5120.0,0.0
21600,MIRACLEFRUIT,5164,4,5163,11,5162,31,5182,94,5183,30,5184,92,5173.0,0.0
21700,MIRACLEFRUIT,5028,43,5027,32,5026,27,5040,26,5041,22,5042,90,5034.0,0.0
21800,MIRACLEFRUIT,5176,30,5175,43,5174,2,5182,52,5183,44,5184,56,5179.0,0.0
21900,MIRACLEFRUIT,5088,49,5087,9,5086,28,5106,48,5107,58,5108,18,5097.0,0.0
22000,MIRACLEFRUIT,4949,62,4948,68,4947,30,4955,42,4956,4,4957,49,4952.0,0.0
22100,MIRACLEFRUIT,5076,96,5075,50,5074,72,5083,46,5084,18,5085,43,5079.5,0.0
22200,MIRACLEFRUIT,4997,16,4996,18,4995,74,5016,16,5017,33,5018,29,5006.5,0.0
22300,MIRACLEFRUIT,4869,96,4868,90,4867,78,4885,39,4886,10,4887,9,4877.0,0.0
22400,MIRACLEFRUIT,4911,64,4910,34,4909,70,4927,31,4928,28,4929,3,4919.0,0.0
22500,MIRACLEFRUIT,4803,37,4802,19,4801,44,4810,28,4811,50,4812,30,4806.5,0.0
22600,MIRACLEFRUIT,5149,29,5148,7,5147,28,5154,4,5155,48,5156,28,5151.5,0.0
22700,MIRACLEFRUIT,5130,9,5129,28,5128,6,5149,96,5150,14,5151,72,5139.5,0.0
22800,MIRACLEFRUIT,5117,29,5116,17,5115,16,5135,48,5136,54,5137,74,5126.0,0.0
22900,MIRACLEFRUIT,5149,23,5148,31,5147,3,5156,76,5157,60,5158,54,5152.5,0.0
23000,MIRACLEFRUIT,4894,42,4893,52,4892,72,4904,39,4905,15,4906,26,4899.0,0.0
23100,MIRACLEFRUIT,4951,84,4950,74,4949,44,4963,1,4964,4,4965,29,4957.0,0.0
23200,MIRACLEFRUIT,5110,84,5109,24,5108,84,5127,1,5128,43,5129,46,5118.5,0.0
23300,MIRACLEFRUIT,4936,26,4935,22,4934,32,4952,22,4953,11,4954,10,4944.0,0.0
23400,MIRACLEFRUIT,5046,16,5045,80,5044,80,5064,17,5065,36,5066,47,5055.0,0.0
23500,MIRACLEFRUIT,5186,45,5185,2,5184,30,5200,52,5201,96,5202,42,5193.0,0.0
23600,MIRACLEFRUIT,5042,30,5041,12,5040,10,5052,26,5053,18,5054,22,5047.0,0.0
23700,MIRACLEFRUIT,4830,44,4829,11,4828,15,4839,22,4840,12,4841,2,4834.5,0.0
23800,MIRACLEFRUIT,4839,16,4838,17,4837,26,4858,12,4859,26,4860,44,4848.5,0.0
23900,MIRACLEFRUIT,5028,2,5027,12,5026,26,5036,62,5037,44,5038,74,5032.0,0.0
24000,MIRACLEFRUIT,4835,46,4834,36,4833,64,4842,47,4843,27,4844,14,4838.5,0.0
24100,MIRACLEFRUIT,5022,98,5021,76,5020,94,5039,47,5040,5,5041,36,5030.5,0.0
24200,MIRACLEFRUIT,4805,6,4804,76,4803,6,4813,32,4814,34,4815,7,4809.0,0.0
24300,MIRACLEFRUIT,5121,60,5120,2,5119,60,5139,42,5140,48,5141,10,5130.0,0.0
24400,MIRACLEFRUIT,5019,90,5018,64,5017,56,5030,17,5031,30,5032,21,5024.5,0.0
24500,MIRACLEFRUIT,4874,21,4873,46,4872,13,4879,26,4880,2,4881,2,4876.5,0.0
24600,MIRACLEFRUIT,4803,27,4802,36,4801,7,4814,94,4815,66,4816,76,4808.5,0.0
24700,MIRACLEFRUIT,5134,22,5133,10,5132,39,5139,50,5140,52,5141,26,5136.5,0.0
24800,MIRACLEFRUIT,4933,15,4932,15,4931,4,4939,56,4940,66,4941,74,4936.0,0.0
24900,MIRACLEFRUIT,4917,32,4916,23,4915,6,4936,82,4937,60,4938,98,4926.5,0.0
25000,MIRACLEFRUIT,5168,48,5167,40,5166,74,5176,48,5177,8,5178,49,5172.0,0.0
25100,MIRACLEFRUIT,4893,40,4892,24,4891,66,4898,47,4899,1,4900,12,4895.5,0.0
25200,MIRACLEFRUIT,4861,56,4860,16,4859,2,4876,5,4877,24,4878,6,4868.5,0.0
25300,MIRACLEFRUIT,4993,74,4992,44,4991,12,5009,25,5010,1,5011,25,5001.0,0.0
25400,MIRACLEFRUIT,5134,42,5133,64,5132,70,5149,1,5150,32,5151,42,5141.5,0.0
25500,MIRACLEFRUIT,5002,15,5001,5,5000,46,5021,84,5022,6,5023,98,5011.5,0.0
25600,MIRACLEFRUIT,5191,48,5190,6,5189,25,5206,38,5207,86,5208,58,5198.5,0.0
25700,MIRACLEFRUIT,4825,46,4824,40,4823,29,4838,4,4839,18,4840,34,4831.5,0.0
25800,MIRACLEFRUIT,4972,7,4971,40,4970,13,4988,92,4989,72,4990,34,4980.0,0.0
25900,MIRACLEFRUIT,5099,38,5098,18,5097,2,5109,98,5110,24,5111,40,5104.0,0.0
26000,MIRACLEFRUIT,4932,16,4931,22,4930,66,4949,3,4950,43,4951,4,4940.5,0.0
26100,MIRACLEFRUIT,5125,76,5124,96,5123,54,5130,17,5131,37,5132,46,5127.5,0.0
26200,MIRACLEFRUIT,4917,40,4916,24,4915,86,4922,42,4923,15,4924,33,4919.5,0.0
26300,MIRACLEFRUIT,5123,62,5122,54,5121,64,5133,16,5134,11,5135,20,5128.0,0.0
26400,MIRACLEFRUIT,5074,20,5073,6,5072,90,5082,38,5083,24,5084,16,5078.0,0.0
26500,MIRACLEFRUIT,5011,27,5010,35,5009,31,5019,60,5020,68,5021,2,5015.0,0.0
26600,MIRACLEFRUIT,5024,15,5023,16,5022,13,5043,48,5044,48,5045,18,5033.5,0.0
26700,MIRACLEFRUIT,4819,49,4818,35,4817,11,4834,44,4835,24,4836,34,4826.5,0.0
26800,MIRACLEFRUIT,4912,21,4911,11,4910,30,4931,50,4932,56,4933,30,4921.5,0.0
26900,MIRACLEFRUIT,4939,48,4938,35,4937,22,4949,60,4950,54,4951,44,4944.0,0.0
27000,MIRACLEFRUIT,4846,76,4845,62,4844,28,4865,10,4866,31,4867,27,4855.5,0.0
27100,MIRACLEFRUIT,4800,48,4799,98,4798,64,4818,12,4819,46,4820,31,4809.0,0.0
27200,MIRACLEFRUIT,4889,72,4888,64,4887,30,4905,32,4906,32,4907,41,4897.0,0.0
27300,MIRACLEFRUIT,4941,86,4940,70,4939,6,4956,45,4957,35,4958,46,4948.5,0.0
27400,MIRACLEFRUIT,5119,32,5118,10,5117,42,5130,21,5131,10,5132,16,5124.5,0.0
27500,MIRACLEFRUIT,4837,10,4836,19,4835,25,4850,14,4851,8,4852,54,4843.5,0.0
27600,MIRACLEFRUIT,5092,4,5091,29,5090,19,5106,50,5107,62,5108,22,5099.0,0.0
27700,MIRACLEFRUIT,5181,43,5180,2,5179,10,5190,96,5191,40,5192,72,5185.5,0.0
27800,MIRACLEFRUIT,4938,43,4937,25,4936,20,4951,34,4952,90,4953,22,4944.5,0.0
27900,MIRACLEFRUIT,5155,48,5154,19,5153,23,5163,60,5164,70,5165,82,5159.0,0.0
28000,MIRACLEFRUIT,5132,48,5131,22,5130,92,5149,38,5150,22,5151,43,5140.5,0.0
28100,MIRACLEFRUIT,5058,68,5057,56,5056,10,5072,48,5073,27,5074,37,5065.0,0.0
28200,MIRACLEFRUIT,4960,10,4959,42,4958,24,4966,46,4967,49,4968,35,4963.0,0.0
28300,MIRACLEFRUIT,5189,8,5188,98,5187,84,5196,4,5197,16,5198,16,5192.5,0.0
28400,MIRACLEFRUIT,4977,40,4976,76,4975,50,4994,21,4995,26,4996,36,4985.5,0.0
28500,MIRACLEFRUIT,4809,14,4808,11,4807,32,4824,38,4825,34,4826,90,4816.5,0.0
28600,MIRACLEFRUIT,5060,11,5059,18,5058,27,5065,52,5066,44,5067,56,5062.5,0.0
28700,MIRACLEFRUIT,4937,18,4936,23,4935,11,4955,2,4956,88,4957,72,4946.0,0.0
28800,MIRACLEFRUIT,4971,21,4970,44,4969,5,4989,86,4990,74,4991,4,4980.0,0.0
28900,MIRACLEFRUIT,5185,23,5184,41,5183,25,5195,34,5196,80,5197,76,5190.0,0.0
29000,MIRACLEFRUIT,4812,82,4811,20,4810,44,4829,21,4830,9,4831,13,4820.5,0.0
29100,MIRACLEFRUIT,4967,38,4966,2,4965,14,4977,11,4978,16,4979,16,4972.0,0.0
29200,MIRACLEFRUIT,4929,8,4928,2,4927,30,4934,2,4935,42,4936,44,4931.5,0.0
29300,MIRACLEFRUIT,4883,80,4882,24,4881,44,4898,8,4899,43,4900,42,4890.5,0.0
29400,MIRACLEFRUIT,5120,44,5119,94,5118,34,5137,13,5138,17,5139,39,5128.5,0.0
29500,MIRACLEFRUIT,5118,29,5117,46,5116,14,5125,48,5126,6,5127,60,5121.5,0.0
29600,MIRACLEFRUIT,4900,20,4899,48,4898,33,4909,26,4910,38,4911,14,4904.5,0.0
29700,MIRACLEFRUIT,5128,43,5127,15,5126,12,5135,18,5136,38,5137,90,5131.5,0.0
29800,MIRACLEFRUIT,5072,40,5071,20,5070,30,5086,80,5087,44,5088,36,5079.0,0.0
29900,MIRACLEFRUIT,5064,38,5063,3,5062,28,5071,46,5072,4,5073,22,5067.5,0.0
30000,MIRACLEFRUIT,5198,52,5197,60,5196,26,5216,31,5217,33,5218,14,5207.0,0.0
30100,MIRACLEFRUIT,4837,26,4836,4,4835,74,4851,16,4852,11,4853,33,4844.0,0.0
30200,MIRACLEFRUIT,4893,98,4892,76,4891,4,4900,7,4901,31,4902,48,4896.5,0.0
30300,MIRACLEFRUIT,4894,72,4893,52,4892,22,4903,46,4904,47,4905,14,4898.5,0.0
30400,MIRACLEFRUIT,5104,16,5103,88,5102,80,5121,28,5122,43,5123,16,5112.5,0.0
30500,MIRACLEFRUIT,4868,43,4867,22,4866,20,4877,38,4878,34,4879,52,4872.5,0.0
30600,MIRACLEFRUIT,5117,8,5116,29,5115,40,5125,12,5126,86,5127,98,5121.0,0.0
30700,MIRACLEFRUIT,5035,26,5034,30,5033,17,5040,18,5041,34,5042,62,5037.5,0.0
30800,MIRACLEFRUIT,5133,20,5132,16,5131,46,5142,24,5143,46,5144,10,5137.5,0.0
30900,MIRACLEFRUIT,5172,43,5171,7,5170,16,5186,86,5187,72,5188,72,5179.0,0.0
31000,MIRACLEFRUIT,5175,90,5174,94,5173,96,5184,3,5185,24,5186,17,5179.5,0.0
31100,MIRACLEFRUIT,4936,54,4935,46,4934,48,4944,39,4945,26,4946,4,4940.0,0.0
31200,MIRACLEFRUIT,4875,18,4874,70,4873,40,4885,45,4886,12,4887,1,4880.0,0.0
31300,MIRACLEFRUIT,4834,74,4833,84,4832,34,4848,21,4849,19,4850,21,4841.0,0.0
31400,MIRACLEFRUIT,4800,94,4799,62,4798,16,4808,18,4809,43,4810,3,4804.0,0.0
31500,MIRACLEFRUIT,5095,15,5094,31,5093,30,5113,98,5114,88,5115,64,5104.0,0.0
31600,MIRACLEFRUIT,5119,46,5118,20,5117,39,5130,20,5131,80,5132,30,5124.5,0.0
31700,MIRACLEFRUIT,4859,12,4858,49,4857,17,4870,10,4871,8,4872,56,4864.5,0.0
31800,MIRACLEFRUIT,5119,42,5118,30,5117,29,5125,8,5126,30,5127,34,5122.0,0.0
31900,MIRACLEFRUIT,5148,19,5147,46,5146,11,5155,88,5156,6,5157,20,5151.5,0.0
32000,MIRACLEFRUIT,5127,68,5126,14,5125,88,5132,47,5133,42,5134,23,5129.5,0.0
32100,MIRACLEFRUIT,5066,68,5065,40,5064,76,5078,18,5079,1,5080,35,5072.0,0.0
32200,MIRACLEFRUIT,5160,48,5159,20,5158,64,5173,31,5174,44,5175,1,5166.5,0.0
32300,MIRACLEFRUIT,5028,30,5027,74,5026,40,5036,3,5037,3,5038,37,5032.0,0.0
32400,MIRACLEFRUIT,5069,6,5068,74,5067,80,5079,19,5080,29,5081,25,5074.0,0.0
32500,MIRACLEFRUIT,5115,8,5114,40,5113,44,5128,66,5129,72,5130,58,5121.5,0.0
32600,MIRACLEFRUIT,5085,23,5084,40,5083,11,5095,52,5096,8,5097,98,5090.0,0.0
32700,MIRACLEFRUIT,5090,46,5089,8,5088,29,5108,28,5109,54,5110,66,5099.0,0.0
32800,MIRACLEFRUIT,5012,30,5011,10,5010,39,5028,44,5029,96,5030,6,5020.0,0.0
32900,MIRACLEFRUIT,4964,28,4963,49,4962,36,4980,46,4981,42,4982,82,4972.0,0.0
33000,MIRACLEFRUIT,4804,26,4803,64,4802,72,4820,23,4821,4,4822,21,4812.0,0.0
33100,MIRACLEFRUIT,5138,74,5137,52,5136,44,5151,37,5152,43,5153,31,5144.5,0.0
33200,MIRACLEFRUIT,5178,8,5177,62,5176,36,5197,21,5198,26,5199,41,5187.5,0.0
33300,MIRACLEFRUIT,4877,76,4876,48,4875,46,4885,35,4886,38,4887,24,4881.0,0.0
33400,MIRACLEFRUIT,4861,44,4860,4,4859,62,4873,11,4874,41,4875,29,4867.0,0.0
33500,MIRACLEFRUIT,4931,11,4930,28,4929,46,4944,94,4945,6,4946,2,4937.5,0.0
33600,MIRACLEFRUIT,4888,32,4887,5,4886,38,4896,38,4897,92,4898,98,4892.0,0.0
33700,MIRACLEFRUIT,5036,10,5035,40,5034,46,5045,44,5046,28,5047,98,5040.5,0.0
33800,MIRACLEFRUIT,4841,24,4840,35,4839,44,4859,28,4860,88,4861,32,4850.0,0.0
33900,MIRACLEFRUIT,4888,48,4887,23,4886,17,4900,66,4901,26,4902,76,4894.0,0.0
34000,MIRACLEFRUIT,5095,2,5094,62,5093,62,5111,49,5112,12,5113,38,5103.0,0.0
34100,MIRACLEFRUIT,5127,84,5126,84,5125,68,5141,39,5142,33,5143,33,5134.0,0.0
34200,MIRACLEFRUIT,5094,18,5093,44,5092,26,5112,29,5113,5,5114,6,5103.0,0.0
34300,MIRACLEFRUIT,4903,50,4902,96,4901,36,4913,31,4914,16,4915,31,4908.0,0.0
34400,MIRACLEFRUIT,4813,24,4812,80,4811,34,4829,25,4830,48,4831,46,4821.0,0.0
34500,MIRACLEFRUIT,5087,15,5086,42,5085,15,5098,66,5099,26,5100,20,5092.5,0.0
34600,MIRACLEFRUIT,4978,15,4977,39,4976,13,4985,48,4986,20,4987,82,4981.5,0.0
34700,MIRACLEFRUIT,4924,17,4923,32,4922,9,4935,62,4936,26,4937,6,4929.5,0.0
34800,MIRACLEFRUIT,5152,40,5151,20,5150,26,5168,68,5169,98,5170,56,5160.0,0.0
34900,MIRACLEFRUIT,4822,27,4821,21,4820,18,4840,38,4841,46,4842,90,4831.0,0.0
35000,MIRACLEFRUIT,4862,26,4861,32,4860,18,4874,32,4875,13,4876,33,4868.0,0.0
35100,MIRACLEFRUIT,4942,24,4941,88,4940,76,4956,34,4957,33,4958,5,4949.0,0.0
35200,MIRACLEFRUIT,4952,38,4951,14,4950,70,4962,3,4963,7,4964,24,4957.0,0.0
35300,MIRACLEFRUIT,4944,96,4943,36,4942,32,4963,22,4964,45,4965,23,4953.5,0.0
35400,MIRACLEFRUIT,5024,78,5023,8,5022,50,5038,30,5039,18,5040,32,5031.0,0.0
35500,MIRACLEFRUIT,5108,32,5107,40,5106,13,5121,14,5122,66,5123,10,5114.5,0.0
35600,MIRACLEFRUIT,4903,45,4902,17,4901,49,4920,98,4921,56,4922,16,4911.5,0.0
35700,MIRACLEFRUIT,4903,37,4902,6,4901,19,4913,30,4914,8,4915,68,4908.0,0.0
35800,MIRACLEFRUIT,4838,13,4837,26,4836,14,4854,10,4855,66,4856,10,4846.0,0.0
35900,MIRACLEFRUIT,4997,31,4996,4,4995,39,5010,76,5011,68,5012,52,5003.5,0.0
36000,MIRACLEFRUIT,4933,16,4932,50,4931,26,4950,1,4951,4,4952,39,4941.5,0.0
36100,MIRACLEFRUIT,4866,64,4865,76,4864,76,4874,26,4875,33,4876,33,4870.0,0.0
36200,MIRACLEFRUIT,5190,56,5189,60,5188,6,5202,8,5203,20,5204,16,5196.0,0.0
36300,MIRACLEFRUIT,4978,56,4977,6,4976,90,4993,21,4994,45,4995,26,4985.5,0.0
36400,MIRACLEFRUIT,4841,68,4840,32,4839,44,4849,23,4850,18,4851,31,4845.0,0.0
36500,MIRACLEFRUIT,4814,32,4813,38,4812,8,4820,84,4821,24,4822,2,4817.0,0.0
36600,MIRACLEFRUIT,4910,8,4909,6,4908,14,4924,84,4925,18,4926,6,4917.0,0.0
36700,MIRACLEFRUIT,4956,32,4955,35,4954,10,4971,52,4972,18,4973,84,4963.5,0.0
36800,MIRACLEFRUIT,5088,3,5087,12,5086,49,5101,32,5102,48,5103,28,5094.5,0.0
36900,MIRACLEFRUIT,5030,31,5029,29,5028,5,5039,6,5040,68,5041,66,5034.5,0.0
37000,MIRACLEFRUIT,4956,50,4955,82,4954,62,4964,24,4965,9,4966,13,4960.0,0.0
37100,MIRACLEFRUIT,4837,42,4836,40,4835,78,4843,2,4844,7,4845,48,4840.0,0.0
37200,MIRACLEFRUIT,4896,44,4895,8,4894,26,4901,21,4902,19,4903,25,4898.5,0.0
37300,MIRACLEFRUIT,5088,90,5087,84,5086,98,5103,47,5104,22,5105,11,5095.5,0.0
37400,MIRACLEFRUIT,5053,40,5052,26,5051,34,5064,33,5065,32,5066,21,5058.5,0.0
37500,MIRACLEFRUIT,4995,36,4994,33,4993,1,5005,78,5006,40,5007,16,5000.0,0.0
37600,MIRACLEFRUIT,4885,15,4884,13,4883,17,4904,84,4905,74,4906,18,4894.5,0.0
37700,MIRACLEFRUIT,5121,24,5120,8,5119,27,5140,50,5141,50,5142,66,5130.5,0.0
37800,MIRACLEFRUIT,4809,45,4808,23,4807,46,4815,4,4816,38,4817,92,4812.0,0.0
37900,MIRACLEFRUIT,4804,8,4803,8,4802,26,4816,40,4817,84,4818,82,4810.0,0.0
38000,MIRACLEFRUIT,4922,94,4921,26,4920,78,4937,42,4938,29,4939,6,4929.5,0.0
38100,MIRACLEFRUIT,5129,74,5128,98,5127,56,5137,17,5138,25,5139,38,5133.0,0.0
38200,MIRACLEFRUIT,5152,50,5151,32,5150,4,5164,4,5165,30,5166,20,5158.0,0.0
38300,MIRACLEFRUIT,4917,36,4916,34,4915,60,4936,3,4937,23,4938,18,4926.5,0.0
38400,MIRACLEFRUIT,5093,78,5092,26,5091,64,5104,26,5105,36,5106,8,5098.5,0.0
38500,MIRACLEFRUIT,5196,29,5195,46,5194,30,5205,34,5206,62,5207,74,5200.5,0.0
38600,MIRACLEFRUIT,4958,18,4957,13,4956,43,4972,90,4973,66,4974,54,4965.0,0.0
38700,MIRACLEFRUIT,5102,21,5101,30,5100,21,5116,90,5117,8,5118,44,5109.0,0.0
38800,MIRACLEFRUIT,5027,48,5026,17,5025,40,5043,52,5044,64,5045,48,5035.0,0.0
38900,MIRACLEFRUIT,5164,19,5163,15,5162,9,5176,92,5177,70,5178,74,5170.0,0.0
39000,MIRACLEFRUIT,5015,20,5014,88,5013,62,5033,32,5034,7,5035,33,5024.0,0.0
39100,MIRACLEFRUIT,4983,46,4982,60,4981,66,4996,31,4997,12,4998,11,4989.5,0.0
39200,MIRACLEFRUIT,4814,18,4813,94,4812,2,4823,24,4824,8,4825,32,4818.5,0.0
39300,MIRACLEFRUIT,4956,88,4955,70,4954,22,4970,38,4971,22,4972,34,4963.0,0.0
39400,MIRACLEFRUIT,4935,68,4934,32,4933,18,4944,19,4945,20,4946,14,4939.5,0.0
39500,MIRACLEFRUIT,5060,32,5059,15,5058,12,5066,66,5067,20,5068,32,5063.0,0.0
39600,MIRACLEFRUIT,4956,33,4955,45,4954,14,4965,8,4966,54,4967,56,4960.5,0.0
39700,MIRACLEFRUIT,4846,8,4845,8,4844,27,4853,86,4854,32,4855,66,4849.5,0.0
39800,MIRACLEFRUIT,5123,12,5122,1,5121,43,5134,96,5135,38,5136,42,5128.5,0.0
39900,MIRACLEFRUIT,5131,40,5130,42,5129,11,5145,44,5146,18,5147,18,5138.0,0.0
40000,MIRACLEFRUIT,4972,78,4971,86,4970,62,4981,9,4982,27,4983,17,4976.5,0.0
40100,MIRACLEFRUIT,4929,34,4928,66,4927,64,4941,44,4942,45,4943,8,4935.0,0.0
40200,MIRACLEFRUIT,4894,58,4893,42,4892,42,4899,16,4900,18,4901,33,4896.5,0.0
40300,MIRACLEFRUIT,4914,80,4913,46,4912,12,4921,1,4922,12,4923,6,4917.5,0.0
40400,MIRACLEFRUIT,5042,44,5041,76,5040,74,5049,41,5050,5,5051,16,5045.5,0.0
40500,MIRACLEFRUIT,5091,45,5090,8,5089,41,5104,36,5105,98,5106,36,5097.5,0.0
40600,MIRACLEFRUIT,5081,49,5080,35,5079,11,5090,2,5091,38,5092,16,5085.5,0.0
40700,MIRACLEFRUIT,5098,24,5097,49,5096,21,5114,6,5115,50,5116,10,5106.0,0.0
40800,MIRACLEFRUIT,5082,2,5081,40,5080,19,5095,80,5096,38,5097,36,5088.5,0.0
40900,MIRACLEFRUIT,4868,39,4867,28,4866,17,4885,62,4886,66,4887,94,4876.5,0.0
41000,MIRACLEFRUIT,4947,12,4946,38,4945,76,4960,18,4961,39,4962,16,4953.5,0.0
41100,MIRACLEFRUIT,4810,56,4809,4,4808,76,4815,16,4816,47,4817,38,4812.5,0.0
41200,MIRACLEFRUIT,5053,74,5052,8,5051,44,5059,41,5060,7,5061,14,5056.0,0.0
41300,MIRACLEFRUIT,5129,52,5128,98,5127,86,5138,43,5139,48,5140,25,5133.5,0.0
41400,MIRACLEFRUIT,5159,72,5158,26,5157,64,5167,32,5168,38,5169,22,5163.0,0.0
41500,MIRACLEFRUIT,4837,17,4836,41,4835,36,4856,32,4857,58,4858,32,4846.5,0.0
41600,MIRACLEFRUIT,4933,46,4932,19,4931,35,4947,24,4948,34,4949,74,4940.0,0.0
41700,MIRACLEFRUIT,4999,46,4998,40,4997,28,5012,54,5013,50,5014,26,5005.5,0.0
41800,MIRACLEFRUIT,4822,1,4821,42,4820,18,4833,16,4834,10,4835,24,4827.5,0.0
41900,MIRACLEFRUIT,5102,48,5101,40,5100,33,5112,82,5113,6,5114,70,5107.0,0.0
42000,MIRACLEFRUIT,5145,24,5144,16,5143,48,5156,33,5157,22,5158,44,5150.5,0.0
42100,MIRACLEFRUIT,5101,32,5100,8,5099,76,5106,9,5107,41,5108,18,5103.5,0.0
42200,MIRACLEFRUIT,5162,88,5161,54,5160,18,5167,29,5168,39,5169,27,5164.5,0.0
42300,MIRACLEFRUIT,5195,94,5194,32,5193,24,5207,36,5208,45,5209,17,5201.0,0.0
42400,MIRACLEFRUIT,5017,62,5016,48,5015,28,5034,34,5035,46,5036,3,5025.5,0.0
42500,MIRACLEFRUIT,4940,45,4939,25,4938,34,4957,10,4958,28,4959,6,4948.5,0.0
42600,MIRACLEFRUIT,4903,3,4902,24,4901,42,4909,46,4910,78,4911,60,4906.0,0.0
42700,MIRACLEFRUIT,5009,9,5008,26,5007,20,5025,90,5026,46,5027,54,5017.0,0.0
42800,MIRACLEFRUIT,4910,40,4909,10,4908,19,4924,20,4925,50,4926,26,4917.0,0.0
42900,MIRACLEFRUIT,4903,3,4902,24,4901,5,4918,32,4919,82,4920,68,4910.5,0.0
43000,MIRACLEFRUIT,5115,6,5114,54,5113,32,5128,37,5129,22,5130,17,5121.5,0.0
43100,MIRACLEFRUIT,4970,98,4969,30,4968,70,4981,23,4982,36,4983,49,4975.5,0.0
43200,MIRACLEFRUIT,5155,24,5154,82,5153,88,5165,9,5166,2,5167,32,5160.0,0.0
43300,MIRACLEFRUIT,5123,52,5122,94,5121,68,5128,22,5129,43,5130,13,5125.5,0.0
43400,MIRACLEFRUIT,4932,46,4931,62,4930,40,4937,8,4938,1,4939,17,4934.5,0.0
43500,MIRACLEFRUIT,5175,12,5174,23,5173,4,5181,24,5182,8,5183,26,5178.0,0.0
43600,MIRACLEFRUIT,5092,23,5091,48,5090,48,5102,62,5103,82,5104,14,5097.0,0.0
43700,MIRACLEFRUIT,5127,1,5126,25,5125,2,5145,46,5146,48,5147,10,5136.0,0.0
43800,MIRACLEFRUIT,4926,30,4925,3,4924,21,4936,10,4937,34,4938,60,4931.0,0.0
43900,MIRACLEFRUIT,4905,25,4904,20,4903,49,4911,18,4912,12,4913,50,4908.0,0.0
44000,MIRACLEFRUIT,4891,44,4890,42,4889,66,4896,19,4897,16,4898,21,4893.5,0.0
44100,MIRACLEFRUIT,5086,76,5085,30,5084,92,5100,2,5101,10,5102,16,5093.0,0.0
44200,MIRACLEFRUIT,5177,30,5176,92,5175,50,5186,37,5187,15,5188,13,5181.5,0.0
44300,MIRACLEFRUIT,5192,42,5191,48,5190,10,5201,13,5202,32,5203,45,5196.5,0.0
44400,MIRACLEFRUIT,4850,12,4849,98,4848,86,4856,47,4857,46,4858,8,4853.0,0.0
44500,MIRACLEFRUIT,4828,48,4827,44,4826,47,4838,86,4839,36,4840,72,4833.0,0.0
44600,MIRACLEFRUIT,5095,23,5094,4,5093,27,5108,52,5109,20,5110,62,5101.5,0.0
44700,MIRACLEFRUIT,5096,18,5095,21,5094,28,5102,66,5103,58,5104,10,5099.0,0.0
44800,MIRACLEFRUIT,5013,35,5012,22,5011,40,5027,26,5028,2,5029,46,5020.0,0.0
44900,MIRACLEFRUIT,5066,23,5065,3,5064,40,5072,80,5073,6,5074,6,5069.0,0.0
45000,MIRACLEFRUIT,5056,20,5055,50,5054,98,5063,7,5064,36,5065,35,5059.5,0.0
45100,MIRACLEFRUIT,5101,16,5100,22,5099,10,5118,15,5119,40,5120,3,5109.5,0.0
45200,MIRACLEFRUIT,4900,90,4899,74,4898,90,4911,29,4912,30,4913,39,4905.5,0.0
45300,MIRACLEFRUIT,5145,76,5144,58,5143,10,5155,18,5156,11,5157,43,5150.0,0.0
45400,MIRACLEFRUIT,4909,18,4908,96,4907,4,4925,49,4926,38,4927,40,4917.0,0.0
45500,MIRACLEFRUIT,4981,1,4980,40,4979,30,4993,2,4994,58,4995,20,4987.0,0.0
45600,MIRACLEFRUIT,5112,11,5111,28,5110,44,5131,56,5132,62,5133,38,5121.5,0.0
45700,MIRACLEFRUIT,4800,12,4799,39,4798,26,4812,6,4813,72,4814,86,4806.0,0.0
45800,MIRACLEFRUIT,5118,13,5117,8,5116,28,5128,30,5129,66,5130,82,5123.0,0.0
45900,MIRACLEFRUIT,4854,30,4853,9,4852,39,4870,86,4871,90,4872,52,4862.0,0.0
46000,MIRACLEFRUIT,5170,62,5169,42,5168,94,5185,16,5186,36,5187,33,5177.5,0.0
46100,MIRACLEFRUIT,5198,68,5197,62,5196,50,5212,20,5213,13,5214,33,5205.0,0.0
46200,MIRACLEFRUIT,4948,24,4947,2,4946,44,4955,5,4956,37,4957,14,4951.5,0.0
46300,MIRACLEFRUIT,5108,80,5107,74,5106,94,5115,27,5116,23,5117,14,5111.5,0.0
46400,MIRACLEFRUIT,4936,2,4935,2,4934,84,4955,40,4956,4,4957,39,4945.5,0.0
46500,MIRACLEFRUIT,5001,42,5000,21,4999,15,5006,38,5007,94,5008,8,5003.5,0.0
46600,MIRACLEFRUIT,5112,17,5111,22,5110,38,5123,60,5124,38,5125,62,5117.5,0.0
46700,MIRACLEFRUIT,4916,35,4915,45,4914,16,4925,62,4926,18,4927,26,4920.5,0.0
46800,MIRACLEFRUIT,4953,8,4952,47,4951,17,4961,28,4962,92,4963,20,4957.0,0.0
46900,MIRACLEFRUIT,5090,17,5089,26,5088,13,5104,96,5105,62,5106,74,5097.0,0.0
47000,MIRACLEFRUIT,4862,34,4861,76,4860,34,4881,23,4882,27,4883,6,4871.5,0.0
47100,MIRACLEFRUIT,5043,96,5042,28,5041,90,5051,26,5052,2,5053,45,5047.0,0.0
47200,MIRACLEFRUIT,4824,12,4823,70,4822,92,4842,13,4843,19,4844,1,4833.0,0.0
47300,MIRACLEFRUIT,4889,28,4888,94,4887,16,4897,40,4898,32,4899,22,4893.0,0.0
47400,MIRACLEFRUIT,4874,30,4873,54,4872,26,4884,48,4885,29,4886,2,4879.0,0.0
47500,MIRACLEFRUIT,5093,49,5092,31,5091,35,5112,80,5113,76,5114,96,5102.5,0.0
47600,MIRACLEFRUIT,5185,6,5184,5,5183,22,5197,22,5198,34,5199,86,5191.0,0.0
47700,MIRACLEFRUIT,5190,49,5189,23,5188,25,5202,16,5203,44,5204,8,5196.0,0.0
47800,MIRACLEFRUIT,5009,34,5008,26,5007,47,5018,22,5019,16,5020,18,5013.5,0.0
47900,MIRACLEFRUIT,5146,5,5145,26,5144,20,5165,52,5166,4,5167,32,5155.5,0.0
48000,MIRACLEFRUIT,4816,12,4815,12,4814,36,4826,31,4827,6,4828,21,4821.0,0.0
48100,MIRACLEFRUIT,4927,8,4926,34,4925,28,4935,26,4936,19,4937,28,4931.0,0.0
48200,MIRACLEFRUIT,5163,28,5162,26,5161,14,5179,8,5180,14,5181,24,5171.0,0.0
48300,MIRACLEFRUIT,5050,88,5049,30,5048,38,5068,48,5069,44,5070,37,5059.0,0.0
48400,MIRACLEFRUIT,4978,86,4977,94,4976,88,4993,26,4994,31,4995,32,4985.5,0.0
48500,MIRACLEFRUIT,4981,35,4980,17,4979,35,4998,82,4999,4,5000,50,4989.5,0.0
48600,MIRACLEFRUIT,4951,19,4950,20,4949,36,4964,88,4965,4,4966,84,4957.5,0.0
48700,MIRACLEFRUIT,4824,35,4823,32,4822,48,4836,2,4837,72,4838,24,4830.0,0.0
48800,MIRACLEFRUIT,4979,44,4978,40,4977,24,4993,18,4994,72,4995,82,4986.0,0.0
48900,MIRACLEFRUIT,4997,17,4996,7,4995,43,5013,56,5014,76,5015,66,5005.0,0.0
49000,MIRACLEFRUIT,5143,2,5142,70,5141,64,5157,42,5158,46,5159,22,5150.0,0.0
49100,MIRACLEFRUIT,4960,72,4959,26,4958,12,4965,25,4966,18,4967,6,4962.5,0.0
49200,MIRACLEFRUIT,4976,28,4975,74,4974,96,4995,18,4996,16,4997,15,4985.5,0.0
49300,MIRACLEFRUIT,5084,30,5083,94,5082,8,5090,48,5091,8,5092,13,5087.0,0.0
49400,MIRACLEFRUIT,4862,80,4861,32,4860,56,4875,43,4876,7,4877,17,4868.5,0.0
49500,MIRACLEFRUIT,4949,16,4948,4,4947,45,4961,64,4962,44,4963,26,4955.0,0.0
49600,MIRACLEFRUIT,4953,26,4952,28,4951,32,4971,94,4972,46,4973,58,4962.0,0.0
49700,MIRACLEFRUIT,4955,45,4954,2,4953,31,4962,44,4963,2,4964,58,4958.5,0.0
49800,MIRACLEFRUIT,5169,3,5168,8,5167,24,5181,96,5182,10,5183,70,5175.0,0.0
49900,MIRACLEFRUIT,4848,15,4847,43,4846,31,4864,20,4865,38,4866,74,4856.0,0.0
50000,MIRACLEFRUIT,5136,18,5135,78,5134,90,5141,7,5142,46,5143,35,5138.5,0.0
50100,MIRACLEFRUIT,4883,4,4882,16,4881,14,4897,45,4898,13,4899,10,4890.0,0.0
50200,MIRACLEFRUIT,5160,88,5159,78,5158,84,5168,2,5169,6,5170,8,5164.0,0.0
50300,MIRACLEFRUIT,4976,32,4975,70,4974,60,4983,36,4984,25,4985,44,4979.5,0.0
50400,MIRACLEFRUIT,4947,20,4946,76,4945,36,4957,47,4958,40,4959,7,4952.0,0.0
50500,MIRACLEFRUIT,4917,5,4916,29,4915,39,4928,92,4929,46,4930,38,4922.5,0.0
50600,MIRACLEFRUIT,5141,34,5140,43,5139,45,5149,92,5150,44,5151,26,5145.0,0.0
50700,MIRACLEFRUIT,4862,23,4861,5,4860,30,4873,42,4874,2,4875,38,4867.5,0.0
50800,MIRACLEFRUIT,4988,6,4987,46,4986,44,5001,66,5002,8,5003,84,4994.5,0.0
50900,MIRACLEFRUIT,5159,4,5158,29,5157,23,5174,6,5175,54,5176,82,5166.5,0.0
51000,MIRACLEFRUIT,4848,12,4847,64,4846,84,4854,35,4855,28,4856,6,4851.0,0.0
51100,MIRACLEFRUIT,5126,36,5125,30,5124,80,5141,6,5142,44,5143,23,5133.5,0.0
51200,MIRACLEFRUIT,5056,64,5055,18,5054,74,5063,33,5064,16,5065,24,5059.5,0.0
51300,MIRACLEFRUIT,5023,20,5022,40,5021,12,5032,5,5033,41,5034,42,5027.5,0.0
51400,MIRACLEFRUIT,4940,96,4939,6,4938,84,4947,13,4948,47,4949,12,4943.5,0.0
51500,MIRACLEFRUIT,5014,11,5013,43,5012,17,5029,10,5030,74,5031,62,5021.5,0.0
51600,MIRACLEFRUIT,5178,32,5177,4,5176,4,5190,56,5191,56,5192,60,5184.0,0.0
51700,MIRACLEFRUIT,5010,17,5009,41,5008,19,5026,36,5027,88,5028,54,5018.0,0.0
51800,MIRACLEFRUIT,5117,5,5116,32,5115,22,5131,70,5132,52,5133,78,5124.0,0.0
51900,MIRACLEFRUIT,4831,6,4830,35,4829,22,4843,98,4844,36,4845,66,4837.0,0.0
52000,MIRACLEFRUIT,4957,2,4956,40,4955,44,4969,25,4970,31,4971,37,4963.0,0.0
52100,MIRACLEFRUIT,5084,96,5083,22,5082,26,5100,2,5101,33,5102,39,5092.0,0.0
52200,MIRACLEFRUIT,5104,84,5103,6,5102,18,5120,43,5121,43,5122,32,5112.0,0.0
52300,MIRACLEFRUIT,5085,24,5084,46,5083,28,5098,18,5099,17,5100,34,5091.5,0.0
52400,MIRACLEFRUIT,4943,66,4942,36,4941,98,4951,39,4952,7,4953,42,4947.0,0.0
52500,MIRACLEFRUIT,4818,41,4817,9,4816,23,4827,70,4828,60,4829,24,4822.5,0.0
52600,MIRACLEFRUIT,4817,10,4816,19,4815,47,4826,70,4827,22,4828,88,4821.5,0.0
52700,MIRACLEFRUIT,5056,5,5055,47,5054,23,5068,8,5069,50,5070,96,5062.0,0.0
52800,MIRACLEFRUIT,4877,30,4876,25,4875,28,4888,64,4889,40,4890,62,4882.5,0.0
52900,MIRACLEFRUIT,5170,34,5169,45,5168,48,5183,8,5184,76,5185,94,5176.5,0.0
53000,MIRACLEFRUIT,4974,94,4973,50,4972,20,4993,1,4994,3,4995,37,4983.5,0.0
53100,MIRACLEFRUIT,4993,28,4992,84,4991,92,5012,22,5013,17,5014,14,5002.5,0.0
53200,MIRACLEFRUIT,4912,60,4911,82,4910,50,4930,41,4931,35,4932,13,4921.0,0.0
53300,MIRACLEFRUIT,4913,28,4912,70,4911,96,4925,35,4926,43,4927,2,4919.0,0.0
53400,MIRACLEFRUIT,5021,68,5020,20,5019,70,5027,47,5028,13,5029,16,5024.0,0.0
53500,MIRACLEFRUIT,4965,11,4964,11,4963,21,4979,36,4980,14,4981,90,4972.0,0.0
53600,MIRACLEFRUIT,5118,21,5117,22,5116,45,5134,72,5135,82,5136,60,5126.0,0.0
53700,MIRACLEFRUIT,4931,7,4930,17,4929,2,4939,84,4940,82,4941,14,4935.0,0.0
53800,MIRACLEFRUIT,5184,12,5183,42,5182,18,5194,30,5195,80,5196,38,5189.0,0.0
53900,MIRACLEFRUIT,5063,11,5062,16,5061,49,5079,86,5080,74,5081,4,5071.0,0.0
54000,MIRACLEFRUIT,4854,36,4853,70,4852,52,4860,42,4861,48,4862,13,4857.0,0.0
54100,MIRACLEFRUIT,5158,32,5157,12,5156,88,5169,40,5170,41,5171,43,5163.5,0.0
54200,MIRACLEFRUIT,4930,86,4929,94,4928,94,4937,43,4938,31,4939,16,4933.5,0.0
54300,MIRACLEFRUIT,5087,96,5086,84,5085,24,5104,42,5105,44,5106,6,5095.5,0.0
54400,MIRACLEFRUIT,5065,26,5064,8,5063,78,5072,28,5073,32,5074,44,5068.5,0.0
54500,MIRACLEFRUIT,5165,2,5164,26,5163,27,5180,20,5181,36,5182,8,5172.5,0.0
54600,MIRACLEFRUIT,4961,27,4960,15,4959,8,4967,18,4968,14,4969,16,4964.0,0.0
54700,MIRACLEFRUIT,5179,7,5178,47,5177,46,5194,86,5195,14,5196,82,5186.5,0.0
54800,MIRACLEFRUIT,4886,40,4885,12,4884,13,4898,80,4899,6,4900,34,4892.0,0.0
54900,MIRACLEFRUIT,4854,43,4853,17,4852,17,4864,4,4865,30,4866,92,4859.0,0.0
55000,MIRACLEFRUIT,5087,72,5086,42,5085,16,5092,29,5093,48,5094,22,5089.5,0.0
55100,MIRACLEFRUIT,4977,10,4976,52,4975,32,4993,4,4994,6,4995,38,4985.0,0.0
55200,MIRACLEFRUIT,5190,72,5189,56,5188,58,5195,26,5196,11,5197,26,5192.5,0.0
55300,MIRACLEFRUIT,5148,94,5147,24,5146,74,5159,17,5160,24,5161,28,5153.5,0.0
55400,MIRACLEFRUIT,4807,60,4806,46,4805,32,4819,35,4820,31,4821,13,4813.0,0.0
55500,MIRACLEFRUIT,5120,14,5119,10,5118,7,5129,70,5130,32,5131,30,5124.5,0.0
55600,MIRACLEFRUIT,5112,45,5111,37,5110,29,5128,86,5129,36,5130,94,5120.0,0.0
55700,MIRACLEFRUIT,5046,3,5045,15,5044,36,5061,74,5062,96,5063,96,5053.5,0.0
55800,MIRACLEFRUIT,5122,47,5121,46,5120,19,5131,98,5132,82,5133,54,5126.5,0.0
55900,MIRACLEFRUIT,5054,13,5053,42,5052,21,5062,70,5063,90,5064,70,5058.0,0.0
56000,MIRACLEFRUIT,5127,74,5126,54,5125,58,5145,28,5146,39,5147,38,5136.0,0.0
56100,MIRACLEFRUIT,4853,40,4852,50,4851,12,4863,9,4864,12,4865,15,4858.0,0.0
56200,MIRACLEFRUIT,5048,72,5047,4,5046,44,5066,21,5067,35,5068,42,5057.0,0.0
56300,MIRACLEFRUIT,5038,64,5037,32,5036,36,5048,33,5049,19,5050,23,5043.0,0.0
56400,MIRACLEFRUIT,5028,10,5027,72,5026,60,5035,13,5036,44,5037,1,5031.5,0.0
56500,MIRACLEFRUIT,4866,45,4865,19,4864,23,4879,58,4880,48,4881,32,4872.5,0.0
56600,MIRACLEFRUIT,4850,34,4849,13,4848,43,4866,50,4867,46,4868,56,4858.0,0.0
56700,MIRACLEFRUIT,4896,29,4895,36,4894,22,4911,94,4912,32,4913,86,4903.5,0.0
56800,MIRACLEFRUIT,4891,47,4890,36,4889,9,4909,76,4910,22,4911,6,4900.0,0.0
56900,MIRACLEFRUIT,5063,39,5062,19,5061,38,5074,30,5075,2,5076,14,5068.5,0.0
57000,MIRACLEFRUIT,5090,12,5089,94,5088,30,5095,1,5096,49,5097,32,5092.5,0.0
57100,MIRACLEFRUIT,4895,40,4894,18,4893,64,4914,9,4915,29,4916,26,4904.5,0.0
57200,MIRACLEFRUIT,4887,8,4886,36,4885,10,4904,23,4905,45,4906,43,4895.5,0.0
57300,MIRACLEFRUIT,4877,40,4876,46,4875,22,4888,29,4889,38,4890,33,4882.5,0.0
57400,MIRACLEFRUIT,5087,74,5086,44,5085,8,5096,7,5097,12,5098,31,5091.5,0.0
57500,MIRACLEFRUIT,4919,29,4918,44,4917,34,4928,64,4929,40,4930,34,4923.5,0.0
57600,MIRACLEFRUIT,5101,13,5100,42,5099,9,5119,72,5120,6,5121,2,5110.0,0.0
57700,MIRACLEFRUIT,5199,42,5198,31,5197,7,5216,54,5217,94,5218,80,5207.5,0.0
57800,MIRACLEFRUIT,4964,4,4963,19,4962,42,4970,66,4971,40,4972,28,4967.0,0.0
57900,MIRACLEFRUIT,4981,30,4980,31,4979,35,4989,72,4990,10,4991,46,4985.0,0.0
58000,MIRACLEFRUIT,5197,42,5196,62,5195,38,5213,45,5214,15,5215,6,5205.0,0.0
58100,MIRACLEFRUIT,5022,62,5021,64,5020,4,5032,33,5033,19,5034,13,5027.0,0.0
58200,MIRACLEFRUIT,5110,20,5109,4,5108,4,5124,29,5125,6,5126,15,5117.0,0.0
58300,MIRACLEFRUIT,4806,48,4805,34,4804,64,4825,16,4826,24,4827,23,4815.5,0.0
58400,MIRACLEFRUIT,5129,32,5128,32,5127,92,5144,48,5145,10,5146,41,5136.5,0.0
58500,MIRACLEFRUIT,5062,39,5061,31,5060,43,5073,82,5074,98,5075,34,5067.5,0.0
58600,MIRACLEFRUIT,4960,24,4959,1,4958,11,4975,98,4976,88,4977,90,4967.5,0.0
58700,MIRACLEFRUIT,4950,21,4949,4,4948,7,4959,60,4960,88,4961,92,4954.5,0.0
58800,MIRACLEFRUIT,4884,26,4883,47,4882,12,4897,20,4898,38,4899,58,4890.5,0.0
58900,MIRACLEFRUIT,4946,31,4945,17,4944,33,4953,4,4954,72,4955,38,4949.5,0.0
59000,MIRACLEFRUIT,4911,22,4910,56,4909,64,4916,7,4917,26,4918,15,4913.5,0.0
59100,MIRACLEFRUIT,5180,2,5179,94,5178,56,5188,47,5189,38,5190,3,5184.0,0.0
59200,MIRACLEFRUIT,4835,84,4834,14,4833,4,4848,38,4849,16,4850,2,4841.5,0.0
59300,MIRACLEFRUIT,5084,84,5083,48,5082,8,5092,31,5093,28,5094,7,5088.0,0.0
59400,MIRACLEFRUIT,4987,88,4986,38,4985,52,4993,30,4994,43,4995,7,4990.0,0.0
59500,MIRACLEFRUIT,4881,11,4880,40,4879,43,4895,72,4896,58,4897,48,4888.0,0.0
59600,MIRACLEFRUIT,4801,11,4800,45,4799,3,4819,78,4820,8,4821,58,4810.0,0.0
59700,MIRACLEFRUIT,5184,12,5183,3,5182,42,5202,88,5203,10,5204,58,5193.0,0.0
59800,MIRACLEFRUIT,5102,27,5101,49,5100,2,5111,60,5112,58,5113,52,5106.5,0.0
59900,MIRACLEFRUIT,4996,49,4995,16,4994,2,5003,38,5004,52,5005,74,4999.5,0.0
60000,MIRACLEFRUIT,4810,60,4809,40,4808,76,4827,27,4828,30,4829,30,4818.5,0.0
60100,MIRACLEFRUIT,5033,56,5032,50,5031,64,5049,3,5050,43,5051,7,5041.0,0.0
60200,MIRACLEFRUIT,5185,20,5184,84,5183,80,5202,49,5203,9,5204,41,5193.5,0.0
60300,MIRACLEFRUIT,4994,66,4993,26,4992,82,5007,42,5008,13,5009,15,5000.5,0.0
60400,MIRACLEFRUIT,4918,84,4917,94,4916,74,4926,5,4927,29,4928,35,4922.0,0.0
60500,MIRACLEFRUIT,5195,16,5194,45,5193,22,5205,54,5206,54,5207,16,5200.0,0.0
60600,MIRACLEFRUIT,4819,20,4818,43,4817,27,4825,64,4826,40,4827,20,4822.0,0.0
60700,MIRACLEFRUIT,5060,41,5059,16,5058,34,5070,26,5071,58,5072,70,5065.0,0.0
60800,MIRACLEFRUIT,5092,32,5091,26,5090,25,5099,16,5100,58,5101,62,5095.5,0.0
60900,MIRACLEFRUIT,5055,2,5054,12,5053,40,5071,82,5072,60,5073,44,5063.0,0.0
61000,MIRACLEFRUIT,5021,18,5020,24,5019,52,5037,21,5038,12,5039,11,5029.0,0.0
61100,MIRACLEFRUIT,5192,18,5191,20,5190,64,5205,2,5206,41,5207,2,5198.5,0.0
61200,MIRACLEFRUIT,5025,68,5024,96,5023,40,5040,34,5041,3,5042,16,5032.5,0.0
61300,MIRACLEFRUIT,4852,78,4851,4,4850,2,4858,4,4859,23,4860,20,4855.0,0.0
61400,MIRACLEFRUIT,5154,72,5153,48,5152,54,5173,25,5174,30,5175,18,5163.5,0.0
61500,MIRACLEFRUIT,5141,2,5140,31,5139,14,5157,84,5158,22,5159,58,5149.0,0.0
61600,MIRACLEFRUIT,5163,2,5162,29,5161,15,5179,34,5180,52,5181,46,5171.0,0.0
61700,MIRACLEFRUIT,5079,12,5078,37,5077,28,5092,96,5093,40,5094,90,5085.5,0.0
61800,MIRACLEFRUIT,4880,20,4879,39,4878,24,4889,4,4890,48,4891,62,4884.5,0.0
61900,MIRACLEFRUIT,5001,21,5000,10,4999,46,5013,54,5014,4,5015,28,5007.0,0.0
62000,MIRACLEFRUIT,4957,28,4956,74,4955,36,4963,4,4964,49,4965,13,4960.0,0.0
62100,MIRACLEFRUIT,4919,48,4918,28,4917,68,4929,36,4930,35,4931,44,4924.0,0.0
62200,MIRACLEFRUIT,4858,24,4857,44,4856,12,4865,8,4866,2,4867,6,4861.5,0.0
62300,MIRACLEFRUIT,5014,72,5013,90,5012,72,5030,31,5031,10,5032,44,5022.0,0.0
62400,MIRACLEFRUIT,4927,44,4926,28,4925,32,4943,21,4944,42,4945,10,4935.0,0.0
62500,MIRACLEFRUIT,5023,36,5022,25,5021,32,5041,46,5042,6,5043,64,5032.0,0.0
62600,MIRACLEFRUIT,5008,33,5007,45,5006,36,5022,40,5023,20,5024,58,5015.0,0.0
62700,MIRACLEFRUIT,5169,20,5168,18,5167,38,5178,82,5179,92,5180,68,5173.5,0.0
62800,MIRACLEFRUIT,4914,3,4913,23,4912,32,4930,74,4931,40,4932,16,4922.0,0.0
62900,MIRACLEFRUIT,5008,45,5007,16,5006,5,5020,14,5021,12,5022,22,5014.0,0.0
63000,MIRACLEFRUIT,4813,8,4812,42,4811,80,4827,44,4828,18,4829,42,4820.0,0.0
63100,MIRACLEFRUIT,4808,28,4807,78,4806,62,4826,29,4827,25,4828,21,4817.0,0.0
63200,MIRACLEFRUIT,4839,28,4838,12,4837,24,4844,46,4845,3,4846,18,4841.5,0.0
63300,MIRACLEFRUIT,5036,32,5035,34,5034,90,5045,24,5046,47,5047,38,5040.5,0.0
63400,MIRACLEFRUIT,5080,46,5079,28,5078,14,5087,10,5088,27,5089,12,5083.5,0.0
63500,MIRACLEFRUIT,5158,46,5157,32,5156,15,5166,14,5167,34,5168,2,5162.0,0.0
63600,MIRACLEFRUIT,5000,44,4999,17,4998,41,5006,52,5007,30,5008,66,5003.0,0.0
63700,MIRACLEFRUIT,5045,47,5044,44,5043,34,5058,74,5059,94,5060,62,5051.5,0.0
63800,MIRACLEFRUIT,5077,5,5076,45,5075,27,5084,70,5085,2,5086,16,5080.5,0.0
63900,MIRACLEFRUIT,5034,23,5033,40,5032,14,5053,24,5054,38,5055,50,5043.5,0.0
64000,MIRACLEFRUIT,4803,30,4802,86,4801,66,4809,32,4810,12,4811,13,4806.0,0.0
64100,MIRACLEFRUIT,4953,62,4952,70,4951,34,4967,28,4968,1,4969,6,4960.0,0.0
64200,MIRACLEFRUIT,4828,56,4827,38,4826,92,4843,8,4844,4,4845,5,4835.5,0.0
64300,MIRACLEFRUIT,4908,46,4907,64,4906,80,4921,25,4922,22,4923,28,4914.5,0.0
64400,MIRACLEFRUIT,4897,26,4896,40,4895,70,4908,39,4909,23,4910,4,4902.5,0.0
64500,MIRACLEFRUIT,5014,5,5013,9,5012,29,5024,8,5025,94,5026,42,5019.0,0.0
64600,MIRACLEFRUIT,5092,6,5091,25,5090,31,5097,74,5098,82,5099,4,5094.5,0.0
64700,MIRACLEFRUIT,4874,22,4873,2,4872,45,4883,14,4884,98,4885,32,4878.5,0.0
64800,MIRACLEFRUIT,5125,5,5124,27,5123,25,5141,34,5142,40,5143,46,5133.0,0.0
64900,MIRACLEFRUIT,4945,8,4944,1,4943,20,4960,68,4961,22,4962,68,4952.5,0.0
65000,MIRACLEFRUIT,4927,88,4926,46,4925,64,4945,33,4946,26,4947,2,4936.0,0.0
65100,MIRACLEFRUIT,5140,22,5139,78,5138,94,5159,23,5160,41,5161,22,5149.5,0.0
65200,MIRACLEFRUIT,4841,48,4840,22,4839,58,4856,34,4857,15,4858,10,4848.5,0.0
65300,MIRACLEFRUIT,5155,52,5154,32,5153,70,5162,15,5163,42,5164,29,5158.5,0.0
65400,MIRACLEFRUIT,4840,40,4839,92,4838,6,4845,23,4846,17,4847,9,4842.5,0.0
65500,MIRACLEFRUIT,4833,1,4832,47,4831,1,4841,72,4842,18,4843,32,4837.0,0.0
65600,MIRACLEFRUIT,4816,17,4815,2,4814,29,4833,72,4834,96,4835,66,4824.5,0.0
65700,MIRACLEFRUIT,4964,20,4963,6,4962,8,4970,62,4971,12,4972,20,4967.0,0.0
65800,MIRACLEFRUIT,4952,29,4951,48,4950,33,4958,32,4959,8,4960,44,4955.0,0.0
65900,MIRACLEFRUIT,5177,3,5176,35,5175,5,5184,26,5185,32,5186,58,5180.5,0.0
66000,MIRACLEFRUIT,4875,54,4874,88,4873,24,4887,6,4888,26,4889,11,4881.0,0.0
66100,MIRACLEFRUIT,4886,40,4885,90,4884,40,4898,24,4899,29,4900,3,4892.0,0.0
66200,MIRACLEFRUIT,4916,18,4915,78,4914,8,4932,10,4933,1,4934,43,4924.0,0.0
66300,MIRACLEFRUIT,5161,38,5160,76,5159,54,5180,26,5181,12,5182,14,5170.5,0.0
66400,MIRACLEFRUIT,5141,90,5140,86,5139,26,5152,25,5153,8,5154,43,5146.5,0.0
66500,MIRACLEFRUIT,4826,13,4825,22,4824,28,4836,8,4837,56,4838,14,4831.0,0.0
66600,MIRACLEFRUIT,5112,47,5111,45,5110,22,5125,20,5126,72,5127,4,5118.5,0.0
66700,MIRACLEFRUIT,5086,43,5085,19,5084,8,5094,52,5095,28,5096,32,5090.0,0.0
66800,MIRACLEFRUIT,4933,8,4932,42,4931,26,4949,86,4950,84,4951,34,4941.0,0.0
66900,MIRACLEFRUIT,5018,48,5017,26,5016,23,5023,92,5024,44,5025,8,5020.5,0.0
67000,MIRACLEFRUIT,4967,86,4966,26,4965,56,4979,19,4980,2,4981,39,4973.0,0.0
67100,MIRACLEFRUIT,4897,18,4896,40,4895,38,4908,9,4909,19,4910,16,4902.5,0.0
67200,MIRACLEFRUIT,5067,96,5066,78,5065,24,5078,25,5079,48,5080,18,5072.5,0.0
67300,MIRACLEFRUIT,5036,30,5035,62,5034,28,5055,23,5056,21,5057,11,5045.5,0.0
67400,MIRACLEFRUIT,5108,22,5107,52,5106,84,5115,39,5116,41,5117,4,5111.5,0.0
67500,MIRACLEFRUIT,5193,27,5192,11,5191,38,5201,50,5202,64,5203,60,5197.0,0.0
67600,MIRACLEFRUIT,4972,34,4971,43,4970,19,4986,90,4987,52,4988,72,4979.0,0.0
67700,MIRACLEFRUIT,4989,6,4988,46,4987,38,5002,68,5003,18,5004,24,4995.5,0.0
67800,MIRACLEFRUIT,4921,49,4920,42,4919,28,4940,4,4941,76,4942,10,4930.5,0.0
67900,MIRACLEFRUIT,4845,1,4844,35,4843,40,4855,10,4856,44,4857,10,4850.0,0.0
68000,MIRACLEFRUIT,4863,16,4862,94,4861,14,4882,4,4883,9,4884,29,4872.5,0.0
68100,MIRACLEFRUIT,4929,22,4928,78,4927,8,4948,22,4949,27,4950,10,4938.5,0.0
68200,MIRACLEFRUIT,5109,50,5108,24,5107,52,5118,16,5119,42,5120,42,5113.5,0.0
68300,MIRACLEFRUIT,5162,76,5161,92,5160,24,5169,10,5170,6,5171,49,5165.5,0.0
68400,MIRACLEFRUIT,4992,86,4991,74,4990,92,5005,5,5006,6,5007,47,4998.5,0.0
68500,MIRACLEFRUIT,5106,24,5105,16,5104,13,5115,50,5116,8,5117,80,5110.5,0.0
68600,MIRACLEFRUIT,4980,25,4979,4,4978,11,4989,96,4990,64,4991,70,4984.5,0.0
68700,MIRACLEFRUIT,5091,32,5090,49,5089,7,5109,20,5110,68,5111,72,5100.0,0.0
68800,MIRACLEFRUIT,5170,46,5169,11,5168,28,5178,12,5179,86,5180,92,5174.0,0.0
68900,MIRACLEFRUIT,5081,41,5080,23,5079,45,5099,32,5100,38,5101,68,5090.0,0.0
69000,MIRACLEFRUIT,4828,46,4827,56,4826,86,4836,25,4837,31,4838,49,4832.0,0.0
69100,MIRACLEFRUIT,4948,94,4947,52,4946,50,4964,41,4965,17,4966,47,4956.0,0.0
69200,MIRACLEFRUIT,5066,58,5065,38,5064,66,5071,30,5072,39,5073,31,5068.5,0.0
69300,MIRACLEFRUIT,5095,72,5094,28,5093,28,5106,19,5107,35,5108,29,5100.5,0.0
69400,MIRACLEFRUIT,4810,70,4809,60,4808,56,4823,1,4824,4,4825,28,4816.5,0.0
69500,MIRACLEFRUIT,4963,17,4962,3,4961,16,4970,36,4971,52,4972,80,4966.5,0.0
69600,MIRACLEFRUIT,4912,46,4911,30,4910,29,4928,38,4929,12,4930,2,4920.0,0.0
69700,MIRACLEFRUIT,4986,45,4985,15,4984,46,5003,16,5004,66,5005,86,4994.5,0.0
69800,MIRACLEFRUIT,5094,25,5093,38,5092,42,5113,42,5114,48,5115,50,5103.5,0.0
69900,MIRACLEFRUIT,5031,47,5030,38,5029,23,5037,94,5038,86,5039,38,5034.0,0.0
70000,MIRACLEFRUIT,5026,50,5025,84,5024,14,5033,29,5034,10,5035,12,5029.5,0.0
70100,MIRACLEFRUIT,5109,44,5108,34,5107,36,5114,33,5115,7,5116,17,5111.5,0.0
70200,MIRACLEFRUIT,4897,98,4896,82,4895,20,4907,10,4908,31,4909,6,4902.0,0.0
70300,MIRACLEFRUIT,4854,20,4853,14,4852,96,4869,17,4870,37,4871,18,4861.5,0.0
70400,MIRACLEFRUIT,4910,76,4909,54,4908,66,4925,26,4926,49,4927,16,4917.5,0.0
70500,MIRACLEFRUIT,4951,1,4950,44,4949,34,4962,16,4963,48,4964,26,4956.5,0.0
70600,MIRACLEFRUIT,5045,4,5044,17,5043,4,5060,58,5061,64,5062,48,5052.5,0.0
70700,MIRACLEFRUIT,4868,43,4867,26,4866,4,4883,32,4884,22,4885,64,4875.5,0.0
70800,MIRACLEFRUIT,5111,1,5110,7,5109,30,5117,12,5118,70,5119,66,5114.0,0.0
70900,MIRACLEFRUIT,5088,9,5087,35,5086,8,5100,36,5101,74,5102,26,5094.0,0.0
71000,MIRACLEFRUIT,5049,48,5048,38,5047,72,5067,10,5068,37,5069,26,5058.0,0.0
71100,MIRACLEFRUIT,4835,86,4834,54,4833,64,4845,46,4846,17,4847,1,4840.0,0.0
71200,MIRACLEFRUIT,5038,28,5037,36,5036,56,5056,25,5057,34,5058,39,5047.0,0.0
71300,MIRACLEFRUIT,4947,58,4946,32,4945,70,4955,10,4956,20,4957,7,4951.0,0.0
71400,MIRACLEFRUIT,5026,94,5025,62,5024,8,5035,16,5036,37,5037,29,5030.5,0.0
71500,MIRACLEFRUIT,5043,37,5042,17,5041,39,5055,24,5056,34,5057,96,5049.0,0.0
71600,MIRACLEFRUIT,5136,48,5135,46,5134,26,5154,40,5155,52,5156,96,5145.0,0.0
71700,MIRACLEFRUIT,5164,48,5163,39,5162,41,5171,38,5172,94,5173,24,5167.5,0.0
71800,MIRACLEFRUIT,5000,4,4999,30,4998,30,5007,42,5008,84,5009,68,5003.5,0.0
71900,MIRACLEFRUIT,4953,22,4952,11,4951,2,4971,14,4972,90,4973,70,4962.0,0.0
72000,MIRACLEFRUIT,4872,88,4871,24,4870,60,4891,15,4892,1,4893,26,4881.5,0.0
72100,MIRACLEFRUIT,5000,72,4999,36,4998,52,5018,35,5019,25,5020,42,5009.0,0.0
72200,MIRACLEFRUIT,5095,14,5094,2,5093,52,5110,15,5111,22,5112,6,5102.5,0.0
72300,MIRACLEFRUIT,4816,46,4815,52,4814,90,4824,15,4825,24,4826,21,4820.0,0.0
72400,MIRACLEFRUIT,4928,12,4927,12,4926,88,4933,7,4934,29,4935,32,4930.5,0.0
72500,MIRACLEFRUIT,5016,8,5015,24,5014,22,5029,64,5030,10,5031,8,5022.5,0.0
72600,MIRACLEFRUIT,4860,19,4859,37,4858,18,4872,44,4873,36,4874,70,4866.0,0.0
72700,MIRACLEFRUIT,4903,31,4902,37,4901,30,4915,34,4916,48,4917,4,4909.0,0.0
72800,MIRACLEFRUIT,4841,42,4840,33,4839,10,4859,26,4860,30,4861,10,4850.0,0.0
72900,MIRACLEFRUIT,4824,37,4823,12,4822,30,4838,6,4839,74,4840,74,4831.0,0.0
73000,MIRACLEFRUIT,4838,54,4837,78,4836,18,4848,37,4849,3,4850,35,4843.0,0.0
73100,MIRACLEFRUIT,5090,42,5089,24,5088,58,5101,23,5102,28,5103,30,5095.5,0.0
73200,MIRACLEFRUIT,4930,66,4929,86,4928,30,4940,18,4941,36,4942,33,4935.0,0.0
73300,MIRACLEFRUIT,5028,4,5027,78,5026,88,5041,26,5042,48,5043,40,5034.5,0.0
73400,MIRACLEFRUIT,4907,36,4906,6,4905,14,4914,17,4915,40,4916,7,4910.5,0.0
73500,MIRACLEFRUIT,4971,43,4970,18,4969,44,4989,16,4990,62,4991,24,4980.0,0.0
73600,MIRACLEFRUIT,4901,38,4900,37,4899,33,4908,96,4909,62,4910,88,4904.5,0.0
73700,MIRACLEFRUIT,5153,44,5152,31,5151,11,5160,38,5161,20,5162,78,5156.5,0.0
73800,MIRACLEFRUIT,4811,4,4810,18,4809,4,4825,24,4826,40,4827,74,4818.0,0.0
73900,MIRACLEFRUIT,5074,49,5073,34,5072,29,5081,96,5082,82,5083,14,5077.5,0.0
74000,MIRACLEFRUIT,4900,48,4899,44,4898,4,4913,14,4914,11,4915,7,4906.5,0.0
74100,MIRACLEFRUIT,4843,88,4842,12,4841,84,4859,29,4860,10,4861,29,4851.0,0.0
74200,MIRACLEFRUIT,5104,50,5103,42,5102,32,5112,9,5113,36,5114,48,5108.0,0.0
74300,MIRACLEFRUIT,4816,62,4815,28,4814,78,4833,10,4834,19,4835,31,4824.5,0.0
74400,MIRACLEFRUIT,5129,56,5128,64,5127,56,5140,17,5141,9,5142,45,5134.5,0.0
74500,MIRACLEFRUIT,4856,49,4855,9,4854,45,4874,66,4875,68,4876,90,4865.0,0.0
74600,MIRACLEFRUIT,5110,22,5109,32,5108,5,5129,48,5130,18,5131,14,5119.5,0.0
74700,MIRACLEFRUIT,5102,23,5101,5,5100,42,5115,32,5116,38,5117,78,5108.5,0.0
74800,MIRACLEFRUIT,4811,32,4810,10,4809,39,4826,12,4827,22,4828,24,4818.5,0.0
74900,MIRACLEFRUIT,5117,15,5116,7,5115,29,5133,84,5134,26,5135,24,5125.0,0.0
75000,MIRACLEFRUIT,4879,94,4878,6,4877,38,4890,21,4891,10,4892,20,4884.5,0.0
75100,MIRACLEFRUIT,5015,20,5014,56,5013,58,5028,36,5029,28,5030,24,5021.5,0.0
75200,MIRACLEFRUIT,5138,30,5137,70,5136,12,5154,5,5155,37,5156,12,5146.0,0.0
75300,MIRACLEFRUIT,5063,24,5062,94,5061,76,5070,35,5071,40,5072,2,5066.5,0.0
75400,MIRACLEFRUIT,4948,26,4947,58,4946,38,4967,41,4968,45,4969,39,4957.5,0.0
75500,MIRACLEFRUIT,4880,3,4879,8,4878,8,4888,84,4889,18,4890,44,4884.0,0.0
75600,MIRACLEFRUIT,5014,20,5013,47,5012,4,5032,94,5033,10,5034,24,5023.0,0.0
75700,MIRACLEFRUIT,5173,21,5172,3,5171,45,5185,2,5186,88,5187,44,5179.0,0.0
75800,MIRACLEFRUIT,4997,8,4996,23,4995,16,5007,76,5008,38,5009,32,5002.0,0.0
75900,MIRACLEFRUIT,4999,13,4998,3,4997,48,5008,62,5009,6,5010,46,5003.5,0.0
76000,MIRACLEFRUIT,4824,18,4823,28,4822,26,4841,42,4842,18,4843,26,4832.5,0.0
76100,MIRACLEFRUIT,4888,14,4887,30,4886,14,4896,13,4897,18,4898,3,4892.0,0.0
76200,MIRACLEFRUIT,5067,76,5066,68,5065,82,5079,23,5080,3,5081,25,5073.0,0.0
76300,MIRACLEFRUIT,4942,44,4941,48,4940,98,4947,27,4948,44,4949,27,4944.5,0.0
76400,MIRACLEFRUIT,4858,74,4857,88,4856,2,4876,39,4877,25,4878,24,4867.0,0.0
76500,MIRACLEFRUIT,5164,10,5163,43,5162,16,5177,16,5178,18,5179,92,5170.5,0.0
76600,MIRACLEFRUIT,4825,46,4824,8,4823,49,4830,74,4831,60,4832,38,4827.5,0.0
76700,MIRACLEFRUIT,4846,25,4845,12,4844,25,4858,32,4859,48,4860,88,4852.0,0.0
76800,MIRACLEFRUIT,5087,17,5086,26,5085,46,5095,42,5096,72,5097,80,5091.0,0.0
76900,MIRACLEFRUIT,5065,48,5064,14,5063,41,5078,78,5079,94,5080,12,5071.5,0.0
77000,MIRACLEFRUIT,4815,72,4814,46,4813,86,4833,5,4834,14,4835,45,4824.0,0.0
77100,MIRACLEFRUIT,4998,12,4997,94,4996,10,5013,42,5014,4,5015,8,5005.5,0.0
77200,MIRACLEFRUIT,5081,86,5080,50,5079,36,5090,24,5091,11,5092,17,5085.5,0.0
77300,MIRACLEFRUIT,4885,26,4884,86,4883,28,4892,21,4893,26,4894,43,4888.5,0.0
77400,MIRACLEFRUIT,5049,56,5048,36,5047,56,5062,48,5063,44,5064,45,5055.5,0.0
77500,MIRACLEFRUIT,5190,27,5189,32,5188,47,5205,54,5206,32,5207,52,5197.5,0.0
77600,MIRACLEFRUIT,5069,9,5068,40,5067,32,5087,66,5088,62,5089,96,5078.0,0.0
77700,MIRACLEFRUIT,5134,20,5133,28,5132,33,5152,94,5153,12,5154,88,5143.0,0.0
77800,MIRACLEFRUIT,4916,4,4915,46,4914,34,4929,16,4930,14,4931,68,4922.5,0.0
77900,MIRACLEFRUIT,4806,48,4805,3,4804,26,4814,88,4815,28,4816,32,4810.0,0.0
78000,MIRACLEFRUIT,4936,16,4935,12,4934,32,4951,43,4952,9,4953,10,4943.5,0.0
78100,MIRACLEFRUIT,5170,48,5169,96,5168,78,5178,17,5179,12,5180,6,5174.0,0.0
78200,MIRACLEFRUIT,4975,60,4974,90,4973,26,4991,19,4992,43,4993,41,4983.0,0.0
78300,MIRACLEFRUIT,5127,10,5126,50,5125,40,5139,29,5140,6,5141,25,5133.0,0.0
78400,MIRACLEFRUIT,5114,36,5113,94,5112,36,5120,24,5121,25,5122,16,5117.0,0.0
78500,MIRACLEFRUIT,5014,2,5013,10,5012,45,5027,32,5028,12,5029,74,5020.5,0.0
78600,MIRACLEFRUIT,4881,47,4880,12,4879,47,4898,42,4899,8,4900,68,4889.5,0.0
78700,MIRACLEFRUIT,5022,13,5021,47,5020,11,5040,56,5041,76,5042,82,5031.0,0.0
78800,MIRACLEFRUIT,5171,19,5170,35,5169,39,5181,56,5182,34,5183,28,5176.0,0.0
78900,MIRACLEFRUIT,4902,26,4901,46,4900,14,4915,14,4916,44,4917,2,4908.5,0.0
79000,MIRACLEFRUIT,5072,90,5071,88,5070,48,5084,29,5085,31,5086,30,5078.0,0.0
79100,MIRACLEFRUIT,4813,82,4812,2,4811,86,4832,15,4833,18,4834,35,4822.5,0.0
79200,MIRACLEFRUIT,4958,44,4957,46,4956,38,4977,30,4978,34,4979,42,4967.5,0.0
79300,MIRACLEFRUIT,4951,36,4950,24,4949,56,4962,11,4963,27,4964,24,4956.5,0.0
79400,MIRACLEFRUIT,4907,56,4906,66,4905,38,4924,35,4925,39,4926,8,4915.5,0.0
79500,MIRACLEFRUIT,4987,28,4986,49,4985,37,5005,36,5006,26,5007,90,4996.0,0.0
79600,MIRACLEFRUIT,5100,26,5099,35,5098,34,5105,48,5106,46,5107,24,5102.5,0.0
79700,MIRACLEFRUIT,4897,35,4896,40,4895,16,4915,98,4916,60,4917,62,4906.0,0.0
79800,MIRACLEFRUIT,4930,38,4929,13,4928,23,4946,56,4947,44,4948,88,4938.0,0.0
79900,MIRACLEFRUIT,5092,22,5091,16,5090,28,5099,56,5100,26,5101,50,5095.5,0.0
80000,MIRACLEFRUIT,4970,96,4969,70,4968,90,4985,44,4986,46,4987,7,4977.5,0.0
80100,MIRACLEFRUIT,4982,92,4981,16,4980,88,5000,45,5001,6,5002,24,4991.0,0.0
80200,MIRACLEFRUIT,5163,44,5162,42,5161,52,5169,19,5170,19,5171,36,5166.0,0.0
80300,MIRACLEFRUIT,4838,80,4837,42,4836,50,4847,9,4848,48,4849,36,4842.5,0.0
80400,MIRACLEFRUIT,4814,82,4813,2,4812,12,4833,38,4834,40,4835,29,4823.5,0.0
80500,MIRACLEFRUIT,5175,23,5174,23,5173,43,5184,48,5185,96,5186,10,5179.5,0.0
80600,MIRACLEFRUIT,4803,43,4802,23,4801,32,4812,84,4813,90,4814,52,4807.5,0.0
80700,MIRACLEFRUIT,5148,30,5147,13,5146,43,5156,28,5157,78,5158,58,5152.0,0.0
80800,MIRACLEFRUIT,5196,18,5195,23,5194,15,5205,12,5206,14,5207,74,5200.5,0.0
80900,MIRACLEFRUIT,5009,33,5008,21,5007,39,5016,36,5017,46,5018,88,5012.5,0.0
81000,MIRACLEFRUIT,4960,46,4959,54,4958,90,4976,38,4977,1,4978,4,4968.0,0.0
81100,MIRACLEFRUIT,4815,88,4814,36,4813,48,4820,44,4821,47,4822,35,4817.5,0.0
81200,MIRACLEFRUIT,4907,94,4906,80,4905,84,4916,23,4917,27,4918,26,4911.5,0.0
81300,MIRACLEFRUIT,5181,14,5180,96,5179,40,5198,8,5199,43,5200,16,5189.5,0.0
81400,MIRACLEFRUIT,5110,54,5109,12,5108,54,5123,41,5124,3,5125,32,5116.5,0.0
81500,MIRACLEFRUIT,5026,9,5025,45,5024,31,5043,10,5044,40,5045,28,5034.5,0.0
81600,MIRACLEFRUIT,4969,21,4968,26,4967,40,4982,64,4983,52,4984,94,4975.5,0.0
81700,MIRACLEFRUIT,4833,48,4832,45,4831,13,4841,12,4842,72,4843,80,4837.0,0.0
81800,MIRACLEFRUIT,5050,49,5049,23,5048,20,5057,10,5058,26,5059,64,5053.5,0.0
81900,MIRACLEFRUIT,5046,37,5045,28,5044,17,5051,32,5052,2,5053,26,5048.5,0.0
82000,MIRACLEFRUIT,5068,56,5067,82,5066,4,5074,11,5075,8,5076,25,5071.0,0.0
82100,MIRACLEFRUIT,4940,50,4939,82,4938,12,4952,40,4953,32,4954,24,4946.0,0.0
82200,MIRACLEFRUIT,5073,22,5072,76,5071,12,5078,28,5079,14,5080,45,5075.5,0.0
82300,MIRACLEFRUIT,4895,90,4894,22,4893,28,4907,3,4908,36,4909,27,4901.0,0.0
82400,MIRACLEFRUIT,5026,4,5025,80,5024,6,5043,20,5044,47,5045,15,5034.5,0.0
82500,MIRACLEFRUIT,5178,35,5177,33,5176,24,5189,54,5190,90,5191,82,5183.5,0.0
82600,MIRACLEFRUIT,4838,19,4837,18,4836,49,4857,56,4858,50,4859,84,4847.5,0.0
82700,MIRACLEFRUIT,5101,24,5100,45,5099,35,5113,88,5114,92,5115,66,5107.0,0.0
82800,MIRACLEFRUIT,4828,1,4827,36,4826,25,4844,92,4845,28,4846,16,4836.0,0.0
82900,MIRACLEFRUIT,5117,45,5116,49,5115,43,5127,96,5128,28,5129,2,5122.0,0.0
83000,MIRACLEFRUIT,5044,68,5043,50,5042,32,5060,16,5061,18,5062,7,5052.0,0.0
83100,MIRACLEFRUIT,5035,68,5034,58,5033,38,5053,15,5054,24,5055,49,5044.0,0.0
83200,MIRACLEFRUIT,4984,46,4983,38,4982,50,5003,13,5004,9,5005,15,4993.5,0.0
83300,MIRACLEFRUIT,5071,32,5070,18,5069,2,5090,35,5091,24,5092,33,5080.5,0.0
83400,MIRACLEFRUIT,5035,84,5034,38,5033,66,5048,16,5049,8,5050,29,5041.5,0.0
83500,MIRACLEFRUIT,5038,34,5037,16,5036,44,5045,46,5046,90,5047,62,5041.5,0.0
83600,MIRACLEFRUIT,5176,40,5175,18,5174,34,5190,80,5191,98,5192,28,5183.0,0.0
83700,MIRACLEFRUIT,5065,25,5064,45,5063,6,5073,60,5074,78,5075,54,5069.0,0.0
83800,MIRACLEFRUIT,5158,21,5157,6,5156,32,5175,94,5176,32,5177,12,5166.5,0.0
83900,MIRACLEFRUIT,5139,41,5138,48,5137,43,5149,66,5150,88,5151,36,5144.0,0.0
84000,MIRACLEFRUIT,5188,78,5187,62,5186,84,5200,16,5201,12,5202,20,5194.0,0.0
84100,MIRACLEFRUIT,4864,20,4863,60,4862,36,4873,45,4874,40,4875,29,4868.5,0.0
84200,MIRACLEFRUIT,4976,48,4975,18,4974,62,4983,30,4984,26,4985,22,4979.5,0.0
84300,MIRACLEFRUIT,4802,30,4801,8,4800,80,4812,33,4813,39,4814,47,4807.0,0.0
84400,MIRACLEFRUIT,4941,18,4940,90,4939,18,4949,29,4950,22,4951,45,4945.0,0.0
84500,MIRACLEFRUIT,5175,26,5174,4,5173,17,5188,26,5189,18,5190,48,5181.5,0.0
84600,MIRACLEFRUIT,4957,16,4956,15,4955,35,4974,30,4975,72,4976,26,4965.5,0.0
84700,MIRACLEFRUIT,5123,5,5122,5,5121,20,5130,54,5131,88,5132,74,5126.5,0.0
84800,MIRACLEFRUIT,4945,15,4944,18,4943,47,4953,14,4954,16,4955,74,4949.0,0.0
84900,MIRACLEFRUIT,5092,2,5091,29,5090,13,5103,82,5104,28,5105,24,5097.5,0.0
85000,MIRACLEFRUIT,4952,8,4951,84,4950,90,4963,36,4964,40,4965,17,4957.5,0.0
85100,MIRACLEFRUIT,4992,20,4991,62,4990,82,5008,40,5009,29,5010,27,5000.0,0.0
85200,MIRACLEFRUIT,4872,16,4871,6,4870,96,4888,1,4889,34,4890,4,4880.0,0.0
85300,MIRACLEFRUIT,5198,92,5197,18,5196,60,5206,24,5207,21,5208,33,5202.0,0.0
85400,MIRACLEFRUIT,5104,22,5103,70,5102,74,5114,7,5115,1,5116,41,5109.0,0.0
85500,MIRACLEFRUIT,5176,42,5175,13,5174,36,5192,6,5193,88,5194,30,5184.0,0.0
85600,MIRACLEFRUIT,5143,13,5142,12,5141,37,5160,62,5161,32,5162,20,5151.5,0.0
85700,MIRACLEFRUIT,4939,10,4938,9,4937,7,4946,58,4947,12,4948,58,4942.5,0.0
85800,MIRACLEFRUIT,4986,2,4985,23,4984,39,4996,34,4997,44,4998,48,4991.0,0.0
85900,MIRACLEFRUIT,5092,40,5091,39,5090,21,5108,34,5109,42,5110,22,5100.0,0.0
86000,MIRACLEFRUIT,4860,46,4859,58,4858,28,4866,7,4867,42,4868,39,4863.0,0.0
86100,MIRACLEFRUIT,5179,52,5178,10,5177,62,5191,5,5192,44,5193,48,5185.0,0.0
86200,MIRACLEFRUIT,4997,50,4996,62,4995,40,5003,21,5004,18,5005,35,5000.0,0.0
86300,MIRACLEFRUIT,5094,88,5093,34,5092,90,5109,20,5110,15,5111,5,5101.5,0.0
86400,MIRACLEFRUIT,5118,4,5117,50,5116,26,5129,13,5130,12,5131,21,5123.5,0.0
86500,MIRACLEFRUIT,5101,39,5100,28,5099,42,5114,74,5115,12,5116,14,5107.5,0.0
86600,MIRACLEFRUIT,5143,6,5142,3,5141,35,5148,52,5149,84,5150,96,5145.5,0.0
86700,MIRACLEFRUIT,4810,18,4809,11,4808,20,4822,16,4823,18,4824,54,4816.0,0.0
86800,MIRACLEFRUIT,4861,5,4860,19,4859,22,4872,8,4873,42,4874,62,4866.5,0.0
86900,MIRACLEFRUIT,5132,19,5131,47,5130,16,5142,42,5143,80,5144,50,5137.0,0.0
87000,MIRACLEFRUIT,5025,48,5024,82,5023,8,5035,39,5036,15,5037,35,5030.0,0.0
87100,MIRACLEFRUIT,4952,30,4951,50,4950,88,4962,49,4963,43,4964,41,4957.0,0.0
87200,MIRACLEFRUIT,4998,70,4997,28,4996,98,5011,37,5012,42,5013,47,5004.5,0.0
87300,MIRACLEFRUIT,4851,38,4850,76,4849,72,4857,28,4858,14,4859,4,4854.0,0.0
87400,MIRACLEFRUIT,5059,14,5058,60,5057,38,5064,20,5065,34,5066,12,5061.5,0.0
87500,MIRACLEFRUIT,4858,49,4857,25,4856,16,4875,66,4876,48,4877,40,4866.5,0.0
87600,MIRACLEFRUIT,4871,47,4870,40,4869,8,4887,10,4888,76,4889,60,4879.0,0.0
87700,MIRACLEFRUIT,4947,18,4946,28,4945,16,4957,48,4958,86,4959,80,4952.0,0.0
87800,MIRACLEFRUIT,5148,19,5147,42,5146,17,5162,14,5163,72,5164,76,5155.0,0.0
87900,MIRACLEFRUIT,4862,45,4861,13,4860,7,4877,32,4878,30,4879,92,4869.5,0.0
88000,MIRACLEFRUIT,5109,54,5108,20,5107,68,5121,23,5122,12,5123,29,5115.0,0.0
88100,MIRACLEFRUIT,5172,72,5171,50,5170,12,5179,44,5180,48,5181,15,5175.5,0.0
88200,MIRACLEFRUIT,5042,48,5041,36,5040,46,5058,29,5059,45,5060,43,5050.0,0.0
88300,MIRACLEFRUIT,5165,12,5164,58,5163,50,5179,49,5180,21,5181,15,5172.0,0.0
88400,MIRACLEFRUIT,5129,34,5128,92,5127,48,5134,14,5135,42,5136,44,5131.5,0.0
88500,MIRACLEFRUIT,4906,11,4905,26,4904,34,4919,32,4920,30,4921,84,4912.5,0.0
88600,MIRACLEFRUIT,5025,28,5024,3,5023,11,5042,8,5043,54,5044,46,5033.5,0.0
88700,MIRACLEFRUIT,5112,38,5111,14,5110,26,5129,58,5130,82,5131,18,5120.5,0.0
88800,MIRACLEFRUIT,5017,48,5016,21,5015,39,5022,86,5023,86,5024,14,5019.5,0.0
88900,MIRACLEFRUIT,5040,30,5039,8,5038,20,5047,84,5048,8,5049,10,5043.5,0.0
89000,MIRACLEFRUIT,5058,96,5057,64,5056,44,5070,5,5071,11,5072,41,5064.0,0.0
89100,MIRACLEFRUIT,5175,14,5174,18,5173,90,5193,28,5194,16,5195,41,5184.0,0.0
89200,MIRACLEFRUIT,5061,2,5060,58,5059,16,5068,30,5069,4,5070,2,5064.5,0.0
89300,MIRACLEFRUIT,4804,8,4803,70,4802,6,4821,46,4822,3,4823,21,4812.5,0.0
89400,MIRACLEFRUIT,5060,90,5059,80,5058,14,5068,6,5069,43,5070,18,5064.0,0.0
89500,MIRACLEFRUIT,4853,27,4852,1,4851,27,4865,88,4866,10,4867,18,4859.0,0.0
89600,MIRACLEFRUIT,4846,16,4845,38,4844,7,4851,40,4852,56,4853,52,4848.5,0.0
89700,MIRACLEFRUIT,5014,44,5013,23,5012,41,5031,36,5032,38,5033,6,5022.5,0.0
89800,MIRACLEFRUIT,4976,11,4975,42,4974,33,4993,18,4994,72,4995,62,4984.5,0.0
89900,MIRACLEFRUIT,4808,36,4807,37,4806,41,4818,98,4819,34,4820,46,4813.0,0.0
90000,MIRACLEFRUIT,4898,34,4897,70,4896,96,4903,34,4904,41,4905,41,4900.5,0.0
90100,MIRACLEFRUIT,4819,10,4818,96,4817,64,4837,5,4838,15,4839,47,4828.0,0.0
90200,MIRACLEFRUIT,5177,6,5176,94,5175,70,5182,3,5183,19,5184,28,5179.5,0.0
90300,MIRACLEFRUIT,5040,28,5039,96,5038,62,5058,3,5059,38,5060,4,5049.0,0.0
90400,MIRACLEFRUIT,4860,62,4859,34,4858,48,4872,24,4873,31,4874,45,4866.0,0.0
90500,MIRACLEFRUIT,5178,23,5177,18,5176,14,5193,90,5194,22,5195,74,5185.5,0.0
90600,MIRACLEFRUIT,4977,15,4976,15,4975,6,4985,2,4986,18,4987,34,4981.0,0.0
90700,MIRACLEFRUIT,5137,27,5136,15,5135,36,5153,2,5154,6,5155,94,5145.0,0.0
90800,MIRACLEFRUIT,4861,8,4860,15,4859,3,4866,52,4867,62,4868,52,4863.5,0.0
90900,MIRACLEFRUIT,4944,47,4943,13,4942,41,4958,46,4959,60,4960,20,4951.0,0.0
91000,MIRACLEFRUIT,5015,68,5014,48,5013,80,5026,8,5027,44,5028,25,5020.5,0.0
91100,MIRACLEFRUIT,4802,64,4801,64,4800,60,4811,22,4812,15,4813,41,4806.5,0.0
91200,MIRACLEFRUIT,4959,98,4958,26,4957,2,4968,10,4969,20,4970,41,4963.5,0.0
91300,MIRACLEFRUIT,5026,68,5025,30,5024,88,5031,47,5032,23,5033,1,5028.5,0.0
91400,MIRACLEFRUIT,5068,28,5067,58,5066,68,5086,2,5087,19,5088,14,5077.0,0.0
91500,MIRACLEFRUIT,4919,18,4918,7,4917,29,4933,16,4934,76,4935,24,4926.0,0.0
91600,MIRACLEFRUIT,5180,31,5179,25,5178,38,5195,52,5196,54,5197,58,5187.5,0.0
91700,MIRACLEFRUIT,4888,14,4887,8,4886,27,4898,30,4899,92,4900,2,4893.0,0.0
91800,MIRACLEFRUIT,5128,2,5127,17,5126,37,5146,86,5147,56,5148,6,5137.0,0.0
91900,MIRACLEFRUIT,4867,14,4866,25,4865,30,4880,36,4881,68,4882,64,4873.5,0.0
92000,MIRACLEFRUIT,5197,58,5196,40,5195,42,5210,29,5211,25,5212,26,5203.5,0.0
92100,MIRACLEFRUIT,5156,44,5155,70,5154,74,5168,39,5169,8,5170,19,5162.0,0.0
92200,MIRACLEFRUIT,4897,32,4896,98,4895,86,4906,47,4907,42,4908,22,4901.5,0.0
92300,MIRACLEFRUIT,5066,34,5065,32,5064,4,5071,29,5072,33,5073,38,5068.5,0.0
92400,MIRACLEFRUIT,4904,8,4903,42,4902,78,4917,45,4918,46,4919,35,4910.5,0.0
92500,MIRACLEFRUIT,5122,34,5121,30,5120,6,5127,86,5128,6,5129,38,5124.5,0.0
92600,MIRACLEFRUIT,4922,17,4921,39,4920,25,4934,20,4935,54,4936,30,4928.0,0.0
92700,MIRACLEFRUIT,4828,5,4827,5,4826,20,4837,22,4838,94,4839,52,4832.5,0.0
92800,MIRACLEFRUIT,4936,16,4935,41,4934,37,4943,48,4944,26,4945,64,4939.5,0.0
92900,MIRACLEFRUIT,4994,40,4993,9,4992,5,5009,74,5010,8,5011,26,5001.5,0.0
93000,MIRACLEFRUIT,5025,84,5024,4,5023,18,5036,9,5037,49,5038,34,5030.5,0.0
93100,MIRACLEFRUIT,5131,86,5130,72,5129,44,5142,37,5143,48,5144,7,5136.5,0.0
93200,MIRACLEFRUIT,4969,44,4968,44,4967,68,4982,1,4983,12,4984,21,4975.5,0.0
93300,MIRACLEFRUIT,4808,58,4807,76,4806,92,4819,11,4820,44,4821,44,4813.5,0.0
93400,MIRACLEFRUIT,4839,66,4838,36,4837,14,4856,44,4857,14,4858,34,4847.5,0.0
93500,MIRACLEFRUIT,4824,1,4823,33,4822,1,4839,68,4840,50,4841,8,4831.5,0.0
93600,MIRACLEFRUIT,5060,24,5059,4,5058,4,5078,52,5079,32,5080,20,5069.0,0.0
93700,MIRACLEFRUIT,5194,18,5193,27,5192,43,5201,90,5202,4,5203,70,5197.5,0.0
93800,MIRACLEFRUIT,5025,32,5024,33,5023,28,5040,38,5041,12,5042,38,5032.5,0.0
93900,MIRACLEFRUIT,4923,42,4922,41,4921,36,4940,16,4941,28,4942,20,4931.5,0.0
94000,MIRACLEFRUIT,4837,12,4836,32,4835,68,4856,3,4857,38,4858,29,4846.5,0.0
94100,MIRACLEFRUIT,5127,46,5126,84,5125,48,5145,15,5146,23,5147,23,5136.0,0.0
94200,MIRACLEFRUIT,5050,98,5049,26,5048,36,5067,18,5068,46,5069,19,5058.5,0.0
94300,MIRACLEFRUIT,5188,26,5187,98,5186,74,5193,28,5194,26,5195,10,5190.5,0.0
94400,MIRACLEFRUIT,4975,86,4974,78,4973,84,4987,47,4988,4,4989,2,4981.0,0.0
94500,MIRACLEFRUIT,4889,17,4888,15,4887,18,4905,6,4906,14,4907,32,4897.0,0.0
94600,MIRACLEFRUIT,4836,23,4835,30,4834,34,4843,62,4844,20,4845,38,4839.5,0.0
94700,MIRACLEFRUIT,5115,4,5114,3,5113,7,5131,56,5132,34,5133,56,5123.0,0.0
94800,MIRACLEFRUIT,4975,18,4974,42,4973,7,4987,38,4988,74,4989,46,4981.0,0.0
94900,MIRACLEFRUIT,5083,40,5082,6,5081,22,5095,40,5096,26,5097,26,5089.0,0.0
95000,MIRACLEFRUIT,4880,2,4879,8,4878,92,4897,43,4898,11,4899,48,4888.5,0.0
95100,MIRACLEFRUIT,4913,98,4912,86,4911,58,4922,15,4923,17,4924,28,4917.5,0.0
95200,MIRACLEFRUIT,4839,42,4838,52,4837,28,4856,19,4857,4,4858,22,4847.5,0.0
95300,MIRACLEFRUIT,5100,18,5099,94,5098,24,5116,22,5117,37,5118,39,5108.0,0.0
95400,MIRACLEFRUIT,5023,84,5022,12,5021,40,5040,34,5041,33,5042,44,5031.5,0.0
95500,MIRACLEFRUIT,5117,24,5116,27,5115,38,5122,84,5123,80,5124,66,5119.5,0.0
95600,MIRACLEFRUIT,5148,8,5147,1,5146,49,5165,24,5166,4,5167,56,5156.5,0.0
95700,MIRACLEFRUIT,4914,49,4913,24,4912,47,4928,20,4929,44,4930,34,4921.0,0.0
95800,MIRACLEFRUIT,4985,7,4984,19,4983,22,4996,52,4997,6,4998,14,4990.5,0.0
95900,MIRACLEFRUIT,5122,35,5121,30,5120,29,5138,88,5139,16,5140,40,5130.0,0.0
96000,MIRACLEFRUIT,4855,44,4854,22,4853,40,4869,12,4870,35,4871,17,4862.0,0.0
96100,MIRACLEFRUIT,4839,58,4838,82,4837,84,4848,28,4849,41,4850,10,4843.5,0.0
96200,MIRACLEFRUIT,5153,68,5152,2,5151,62,5165,22,5166,38,5167,33,5159.0,0.0
96300,MIRACLEFRUIT,4839,60,4838,96,4837,36,4852,22,4853,44,4854,37,4845.5,0.0
96400,MIRACLEFRUIT,5146,34,5145,76,5144,28,5161,13,5162,27,5163,15,5153.5,0.0
96500,MIRACLEFRUIT,5036,23,5035,25,5034,15,5054,44,5055,60,5056,86,5045.0,0.0
96600,MIRACLEFRUIT,5088,46,5087,22,5086,3,5099,80,5100,74,5101,68,5093.5,0.0
96700,MIRACLEFRUIT,5061,19,5060,44,5059,34,5079,88,5080,68,5081,96,5070.0,0.0
96800,MIRACLEFRUIT,5015,35,5014,1,5013,21,5032,70,5033,84,5034,38,5023.5,0.0
96900,MIRACLEFRUIT,4946,29,4945,6,4944,37,4965,16,4966,78,4967,66,4955.5,0.0
97000,MIRACLEFRUIT,5135,2,5134,2,5133,54,5146,44,5147,28,5148,37,5140.5,0.0
97100,MIRACLEFRUIT,4967,42,4966,32,4965,88,4972,48,4973,25,4974,36,4969.5,0.0
97200,MIRACLEFRUIT,4891,80,4890,52,4889,32,4910,17,4911,24,4912,21,4900.5,0.0
97300,MIRACLEFRUIT,5152,56,5151,2,5150,72,5160,2,5161,31,5162,44,5156.0,0.0
97400,MIRACLEFRUIT,4858,20,4857,86,4856,34,4864,33,4865,30,4866,12,4861.0,0.0
97500,MIRACLEFRUIT,4858,23,4857,7,4856,44,4864,88,4865,24,4866,98,4861.0,0.0
97600,MIRACLEFRUIT,5103,7,5102,44,5101,15,5109,48,5110,48,5111,22,5106.0,0.0
97700,MIRACLEFRUIT,4968,34,4967,46,4966,45,4976,26,4977,54,4978,16,4972.0,0.0
97800,MIRACLEFRUIT,5068,4,5067,14,5066,14,5086,20,5087,16,5088,40,5077.0,0.0
97900,MIRACLEFRUIT,5162,16,5161,7,5160,32,5167,16,5168,18,5169,14,5164.5,0.0
98000,MIRACLEFRUIT,4844,38,4843,4,4842,20,4863,14,4864,28,4865,2,4853.5,0.0
98100,MIRACLEFRUIT,5144,34,5143,74,5142,24,5152,43,5153,8,5154,13,5148.0,0.0
98200,MIRACLEFRUIT,4980,12,4979,44,4978,64,4986,21,4987,47,4988,28,4983.0,0.0
98300,MIRACLEFRUIT,4969,82,4968,40,4967,2,4978,35,4979,23,4980,46,4973.5,0.0
98400,MIRACLEFRUIT,5155,94,5154,12,5153,38,5162,15,5163,2,5164,12,5158.5,0.0
98500,MIRACLEFRUIT,4990,18,4989,6,4988,45,5009,72,5010,6,5011,10,4999.5,0.0
98600,MIRACLEFRUIT,4954,33,4953,23,4952,23,4970,6,4971,94,4972,38,4962.0,0.0
98700,MIRACLEFRUIT,4987,26,4986,13,4985,7,4999,4,5000,88,5001,74,4993.0,0.0
98800,MIRACLEFRUIT,4806,15,4805,44,4804,27,4814,34,4815,28,4816,56,4810.0,0.0
98900,MIRACLEFRUIT,4932,26,4931,33,4930,15,4937,54,4938,20,4939,6,4934.5,0.0
99000,MIRACLEFRUIT,5034,72,5033,90,5032,54,5039,36,5040,38,5041,25,5036.5,0.0
99100,MIRACLEFRUIT,4844,10,4843,4,4842,66,4860,22,4861,48,4862,39,4852.0,0.0
99200,MIRACLEFRUIT,5113,32,5112,46,5111,76,5127,47,5128,30,5129,21,5120.0,0.0
99300,MIRACLEFRUIT,5048,32,5047,28,5046,58,5055,30,5056,28,5057,31,5051.5,0.0
99400,MIRACLEFRUIT,4830,52,4829,70,4828,30,4849,26,4850,43,4851,22,4839.5,0.0
99500,MIRACLEFRUIT,4822,3,4821,23,4820,29,4835,42,4836,2,4837,74,4828.5,0.0
99600,MIRACLEFRUIT,5193,34,5192,33,5191,41,5204,26,5205,42,5206,92,5198.5,0.0
99700,MIRACLEFRUIT,4959,41,4958,23,4957,7,4965,18,4966,34,4967,94,4962.0,0.0
99800,MIRACLEFRUIT,5162,3,5161,32,5160,31,5181,42,5182,62,5183,78,5171.5,0.0
99900,MIRACLEFRUIT,4957,18,4956,43,4955,7,4974,44,4975,24,4976,12,4965.5,0.0
100000,MIRACLEFRUIT,4838,82,4837,2,4836,28,4851,16,4852,26,4853,5,4844.5,0.0
100100,MIRACLEFRUIT,4881,64,4880,12,4879,78,4895,9,4896,46,4897,40,4888.0,0.0
100200,MIRACLEFRUIT,5155,20,5154,14,5153,52,5161,14,5162,44,5163,42,5158.0,0.0
100300,MIRACLEFRUIT,5057,68,5056,60,5055,72,5064,30,5065,26,5066,45,5060.5,0.0
100400,MIRACLEFRUIT,5005,42,5004,34,5003,66,5020,29,5021,19,5022,47,5012.5,0.0
100500,MIRACLEFRUIT,4876,10,4875,47,4874,42,4893,16,4894,46,4895,84,4884.5,0.0
100600,MIRACLEFRUIT,4811,12,4810,16,4809,41,4825,70,4826,62,4827,70,4818.0,0.0
100700,MIRACLEFRUIT,5094,32,5093,15,5092,27,5112,64,5113,10,5114,32,5103.0,0.0
100800,MIRACLEFRUIT,5023,28,5022,17,5021,46,5029,34,5030,64,5031,76,5026.0,0.0
100900,MIRACLEFRUIT,4812,2,4811,36,4810,7,4819,64,4820,40,4821,96,4815.5,0.0
101000,MIRACLEFRUIT,4845,26,4844,30,4843,50,4855,2,4856,20,4857,47,4850.0,0.0
101100,MIRACLEFRUIT,4954,46,4953,44,4952,52,4967,18,4968,1,4969,29,4960.5,0.0
101200,MIRACLEFRUIT,4912,66,4911,22,4910,20,4925,29,4926,19,4927,44,4918.5,0.0
101300,MIRACLEFRUIT,5032,50,5031,74,5030,96,5043,40,5044,6,5045,44,5037.5,0.0
101400,MIRACLEFRUIT,4816,86,4815,76,4814,82,4832,39,4833,46,4834,8,4824.0,0.0
101500,MIRACLEFRUIT,5159,45,5158,24,5157,40,5166,48,5167,40,5168,28,5162.5,0.0
101600,MIRACLEFRUIT,5022,46,5021,33,5020,17,5030,10,5031,82,5032,80,5026.0,0.0
101700,MIRACLEFRUIT,5153,24,5152,37,5151,2,5163,68,5164,32,5165,90,5158.0,0.0
101800,MIRACLEFRUIT,4987,32,4986,24,4985,9,5002,14,5003,32,5004,14,4994.5,0.0
101900,MIRACLEFRUIT,5143,4,5142,17,5141,17,5152,54,5153,28,5154,28,5147.5,0.0
102000,MIRACLEFRUIT,5164,96,5163,60,5162,80,5170,44,5171,33,5172,33,5167.0,0.0
102100,MIRACLEFRUIT,4962,22,4961,42,4960,42,4979,44,4980,20,4981,47,4970.5,0.0
102200,MIRACLEFRUIT,5125,36,5124,58,5123,48,5135,36,5136,7,5137,32,5130.0,0.0
102300,MIRACLEFRUIT,4873,20,4872,90,4871,34,4880,48,4881,3,4882,39,4876.5,0.0
102400,MIRACLEFRUIT,5032,36,5031,84,5030,96,5050,29,5051,24,5052,22,5041.0,0.0
102500,MIRACLEFRUIT,5023,20,5022,37,5021,45,5035,12,5036,96,5037,48,5029.0,0.0
102600,MIRACLEFRUIT,5118,18,5117,17,5116,9,5124,80,5125,46,5126,76,5121.0,0.0
102700,MIRACLEFRUIT,4859,14,4858,49,4857,29,4864,20,4865,32,4866,22,4861.5,0.0
102800,MIRACLEFRUIT,5134,31,5133,4,5132,18,5147,64,5148,90,5149,12,5140.5,0.0
102900,MIRACLEFRUIT,5021,20,5020,47,5019,43,5039,48,5040,66,5041,24,5030.0,0.0
103000,MIRACLEFRUIT,4836,88,4835,18,4834,26,4852,27,4853,38,4854,18,4844.0,0.0
103100,MIRACLEFRUIT,5077,30,5076,54,5075,30,5084,45,5085,39,5086,13,5080.5,0.0
103200,MIRACLEFRUIT,4995,56,4994,74,4993,38,5010,40,5011,30,5012,49,5002.5,0.0
103300,MIRACLEFRUIT,5151,52,5150,52,5149,50,5156,41,5157,13,5158,34,5153.5,0.0
103400,MIRACLEFRUIT,5041,52,5040,52,5039,92,5052,36,5053,30,5054,25,5046.5,0.0
103500,MIRACLEFRUIT,5123,28,5122,49,5121,18,5140,4,5141,72,5142,36,5131.5,0.0
103600,MIRACLEFRUIT,5018,32,5017,3,5016,2,5037,10,5038,38,5039,84,5027.5,0.0
103700,MIRACLEFRUIT,4991,33,4990,42,4989,19,5005,36,5006,64,5007,42,4998.0,0.0
103800,MIRACLEFRUIT,4816,17,4815,44,4814,33,4825,20,4826,74,4827,98,4820.5,0.0
103900,MIRACLEFRUIT,4811,12,4810,49,4809,3,4820,44,4821,26,4822,34,4815.5,0.0
104000,MIRACLEFRUIT,5193,86,5192,98,5191,52,5211,9,5212,24,5213,44,5202.0,0.0
104100,MIRACLEFRUIT,5173,70,5172,16,5171,72,5178,14,5179,46,5180,8,5175.5,0.0
104200,MIRACLEFRUIT,4992,14,4991,92,4990,92,5011,37,5012,19,5013,28,5001.5,0.0
104300,MIRACLEFRUIT,4821,72,4820,32,4819,48,4840,46,4841,41,4842,30,4830.5,0.0
104400,MIRACLEFRUIT,4919,2,4918,98,4917,50,4932,7,4933,26,4934,40,4925.5,0.0
104500,MIRACLEFRUIT,5009,10,5008,16,5007,16,5020,92,5021,92,5022,22,5014.5,0.0
104600,MIRACLEFRUIT,5105,8,5104,29,5103,39,5117,28,5118,42,5119,16,5111.0,0.0
104700,MIRACLEFRUIT,5069,28,5068,6,5067,16,5082,6,5083,56,5084,58,5075.5,0.0
104800,MIRACLEFRUIT,4991,20,4990,16,4989,7,5001,46,5002,36,5003,70,4996.0,0.0
104900,MIRACLEFRUIT,4974,41,4973,14,4972,43,4990,26,4991,24,4992,94,4982.0,0.0
105000,MIRACLEFRUIT,5084,52,5083,52,5082,28,5093,5,5094,39,5095,11,5088.5,0.0
105100,MIRACLEFRUIT,5003,14,5002,66,5001,52,5013,11,5014,47,5015,42,5008.0,0.0
105200,MIRACLEFRUIT,4963,90,4962,40,4961,6,4978,47,4979,31,4980,31,4970.5,0.0
105300,MIRACLEFRUIT,5050,8,5049,52,5048,22,5056,13,5057,14,5058,49,5053.0,0.0
105400,MIRACLEFRUIT,5026,4,5025,28,5024,88,5034,45,5035,42,5036,25,5030.0,0.0
105500,MIRACLEFRUIT,5180,30,5179,49,5178,12,5187,66,5188,66,5189,30,5183.5,0.0
105600,MIRACLEFRUIT,4806,26,4805,44,4804,33,4823,32,4824,88,4825,76,4814.5,0.0
105700,MIRACLEFRUIT,4828,13,4827,14,4826,24,4839,12,4840,88,4841,50,4833.5,0.0
105800,MIRACLEFRUIT,5194,34,5193,44,5192,26,5207,30,5208,8,5209,8,5200.5,0.0
105900,MIRACLEFRUIT,4832,21,4831,28,4830,48,4841,60,4842,68,4843,54,4836.5,0.0
106000,MIRACLEFRUIT,4933,72,4932,80,4931,4,4943,31,4944,32,4945,44,4938.0,0.0
106100,MIRACLEFRUIT,5166,84,5165,18,5164,46,5180,39,5181,9,5182,41,5173.0,0.0
106200,MIRACLEFRUIT,4878,30,4877,26,4876,46,4896,8,4897,14,4898,33,4887.0,0.0
106300,MIRACLEFRUIT,4857,34,4856,96,4855,4,4873,23,4874,21,4875,12,4865.0,0.0
106400,MIRACLEFRUIT,4825,40,4824,40,4823,92,4841,2,4842,13,4843,4,4833.0,0.0
106500,MIRACLEFRUIT,5025,3,5024,12,5023,40,5031,40,5032,96,5033,28,5028.0,0.0
106600,MIRACLEFRUIT,5084,2,5083,36,5082,14,5091,60,5092,58,5093,16,5087.5,0.0
106700,MIRACLEFRUIT,4803,16,4802,19,4801,34,4810,24,4811,82,4812,76,4806.5,0.0
106800,MIRACLEFRUIT,4898,44,4897,46,4896,6,4914,52,4915,4,4916,80,4906.0,0.0
106900,MIRACLEFRUIT,5196,13,5195,36,5194,22,5212,28,5213,12,5214,84,5204.0,0.0
107000,MIRACLEFRUIT,4838,36,4837,24,4836,60,4857,40,4858,31,4859,17,4847.5,0.0
107100,MIRACLEFRUIT,5070,80,5069,14,5068,64,5083,25,5084,32,5085,12,5076.5,0.0
107200,MIRACLEFRUIT,5174,96,5173,38,5172,12,5193,49,5194,13,5195,19,5183.5,0.0
107300,MIRACLEFRUIT,5084,40,5083,54,5082,86,5095,44,5096,48,5097,25,5089.5,0.0
107400,MIRACLEFRUIT,4956,74,4955,96,4954,14,4968,31,4969,37,4970,25,4962.0,0.0
107500,MIRACLEFRUIT,4874,5,4873,11,4872,15,4889,32,4890,76,4891,86,4881.5,0.0
107600,MIRACLEFRUIT,5171,3,5170,5,5169,23,5185,98,5186,46,5187,28,5178.0,0.0
107700,MIRACLEFRUIT,5087,37,5086,9,5085,15,5102,12,5103,50,5104,46,5094.5,0.0
107800,MIRACLEFRUIT,4929,3,4928,29,4927,6,4942,86,4943,24,4944,26,4935.5,0.0
107900,MIRACLEFRUIT,4974,17,4973,26,4972,21,4984,72,4985,78,4986,68,4979.0,0.0
108000,MIRACLEFRUIT,4883,16,4882,42,4881,22,4891,6,4892,38,4893,40,4887.0,0.0
108100,MIRACLEFRUIT,4821,76,4820,16,4819,84,4837,8,4838,8,4839,40,4829.0,0.0
108200,MIRACLEFRUIT,4826,48,4825,70,4824,28,4831,33,4832,34,4833,44,4828.5,0.0
108300,MIRACLEFRUIT,4994,28,4993,20,4992,24,5006,15,5007,36,5008,35,5000.0,0.0
108400,MIRACLEFRUIT,5136,76,5135,88,5134,92,5147,46,5148,22,5149,23,5141.5,0.0
108500,MIRACLEFRUIT,5181,34,5180,41,5179,10,5187,80,5188,90,5189,44,5184.0,0.0
108600,MIRACLEFRUIT,5035,17,5034,17,5033,3,5047,10,5048,62,5049,26,5041.0,0.0
108700,MIRACLEFRUIT,4891,31,4890,1,4889,12,4907,56,4908,40,4909,66,4899.0,0.0
108800,MIRACLEFRUIT,4820,39,4819,4,4818,42,4829,32,4830,58,4831,46,4824.5,0.0
108900,MIRACLEFRUIT,5102,13,5101,34,5100,42,5113,48,5114,68,5115,14,5107.5,0.0
109000,MIRACLEFRUIT,5156,42,5155,44,5154,8,5164,38,5165,37,5166,4,5160.0,0.0
109100,MIRACLEFRUIT,4883,36,4882,10,4881,38,4892,34,4893,42,4894,22,4887.5,0.0
109200,MIRACLEFRUIT,5061,4,5060,24,5059,34,5073,5,5074,42,5075,23,5067.0,0.0
109300,MIRACLEFRUIT,4946,20,4945,68,4944,12,4951,15,4952,31,4953,9,4948.5,0.0
109400,MIRACLEFRUIT,5186,16,5185,22,5184,24,5191,43,5192,25,5193,25,5188.5,0.0
109500,MIRACLEFRUIT,5056,9,5055,2,5054,8,5075,98,5076,42,5077,18,5065.5,0.0
109600,MIRACLEFRUIT,4857,11,4856,36,4855,10,4865,96,4866,76,4867,44,4861.0,0.0
109700,MIRACLEFRUIT,5179,21,5178,20,5177,48,5186,86,5187,46,5188,98,5182.5,0.0
109800,MIRACLEFRUIT,4814,8,4813,36,4812,29,4831,8,4832,58,4833,30,4822.5,0.0
109900,MIRACLEFRUIT,4961,42,4960,12,4959,14,4975,2,4976,60,4977,58,4968.0,0.0
110000,MIRACLEFRUIT,4962,96,4961,42,4960,44,4978,20,4979,33,4980,41,4970.0,0.0
110100,MIRACLEFRUIT,5119,42,5118,88,5117,60,5125,44,5126,36,5127,22,5122.0,0.0
110200,MIRACLEFRUIT,5080,78,5079,40,5078,48,5096,13,5097,7,5098,8,5088.0,0.0
110300,MIRACLEFRUIT,5079,46,5078,14,5077,18,5086,28,5087,45,5088,43,5082.5,0.0
110400,MIRACLEFRUIT,4811,2,4810,52,4809,76,4826,9,4827,25,4828,16,4818.5,0.0
110500,MIRACLEFRUIT,5073,38,5072,44,5071,22,5092,20,5093,22,5094,62,5082.5,0.0
110600,MIRACLEFRUIT,5070,44,5069,10,5068,6,5089,24,5090,62,5091,28,5079.5,0.0
110700,MIRACLEFRUIT,5007,17,5006,38,5005,24,5022,88,5023,64,5024,34,5014.5,0.0
110800,MIRACLEFRUIT,4826,10,4825,8,4824,21,4844,70,4845,2,4846,58,4835.0,0.0
110900,MIRACLEFRUIT,4871,6,4870,21,4869,39,4886,8,4887,46,4888,56,4878.5,0.0
111000,MIRACLEFRUIT,4859,48,4858,66,4857,36,4864,16,4865,12,4866,21,4861.5,0.0
111100,MIRACLEFRUIT,4944,56,4943,64,4942,24,4949,45,4950,17,4951,40,4946.5,0.0
111200,MIRACLEFRUIT,4892,96,4891,84,4890,54,4902,13,4903,32,4904,37,4897.0,0.0
111300,MIRACLEFRUIT,5108,20,5107,92,5106,84,5117,15,5118,12,5119,49,5112.5,0.0
111400,MIRACLEFRUIT,4807,64,4806,84,4805,52,4819,15,4820,34,4821,6,4813.0,0.0
111500,MIRACLEFRUIT,4878,25,4877,11,4876,23,4884,34,4885,96,4886,98,4881.0,0.0
111600,MIRACLEFRUIT,4826,34,4825,40,4824,23,4834,40,4835,18,4836,10,4830.0,0.0
111700,MIRACLEFRUIT,4973,29,4972,31,4971,7,4985,46,4986,66,4987,76,4979.0,0.0
111800,MIRACLEFRUIT,4849,40,4848,33,4847,21,4865,28,4866,34,4867,38,4857.0,0.0
111900,MIRACLEFRUIT,4998,2,4997,18,4996,47,5008,66,5009,2,5010,26,5003.0,0.0
112000,MIRACLEFRUIT,5186,66,5185,74,5184,68,5191,46,5192,27,5193,6,5188.5,0.0
112100,MIRACLEFRUIT,5148,40,5147,70,5146,36,5167,6,5168,33,5169,30,5157.5,0.0
112200,MIRACLEFRUIT,4980,92,4979,48,4978,16,4988,46,4989,35,4990,23,4984.0,0.0
112300,MIRACLEFRUIT,4823,60,4822,88,4821,20,4828,10,4829,19,4830,28,4825.5,0.0
112400,MIRACLEFRUIT,5115,46,5114,98,5113,22,5132,23,5133,4,5134,20,5123.5,0.0
112500,MIRACLEFRUIT,5177,2,5176,26,5175,36,5183,38,5184,84,5185,54,5180.0,0.0
112600,MIRACLEFRUIT,5186,33,5185,47,5184,13,5195,68,5196,8,5197,76,5190.5,0.0
112700,MIRACLEFRUIT,4845,40,4844,25,4843,4,4863,14,4864,96,4865,14,4854.0,0.0
112800,MIRACLEFRUIT,4814,42,4813,19,4812,18,4826,52,4827,52,4828,38,4820.0,0.0
112900,MIRACLEFRUIT,4952,37,4951,30,4950,19,4964,18,4965,40,4966,84,4958.0,0.0
113000,MIRACLEFRUIT,5021,46,5020,32,5019,2,5036,45,5037,16,5038,17,5028.5,0.0
113100,MIRACLEFRUIT,5005,24,5004,48,5003,68,5012,22,5013,13,5014,12,5008.5,0.0
113200,MIRACLEFRUIT,5072,16,5071,36,5070,96,5087,10,5088,1,5089,32,5079.5,0.0
113300,MIRACLEFRUIT,5181,10,5180,52,5179,60,5198,30,5199,8,5200,21,5189.5,0.0
113400,MIRACLEFRUIT,5035,26,5034,38,5033,58,5043,22,5044,18,5045,2,5039.0,0.0
113500,MIRACLEFRUIT,5139,3,5138,26,5137,40,5153,96,5154,88,5155,18,5146.0,0.0
113600,MIRACLEFRUIT,5027,12,5026,2,5025,11,5042,6,5043,52,5044,42,5034.5,0.0
113700,MIRACLEFRUIT,4808,44,4807,28,4806,18,4826,60,4827,56,4828,72,4817.0,0.0
113800,MIRACLEFRUIT,4965,13,4964,37,4963,22,4975,52,4976,68,4977,16,4970.0,0.0
113900,MIRACLEFRUIT,5118,12,5117,2,5116,37,5133,20,5134,96,5135,86,5125.5,0.0
114000,MIRACLEFRUIT,5013,14,5012,52,5011,52,5028,14,5029,40,5030,15,5020.5,0.0
114100,MIRACLEFRUIT,4916,48,4915,24,4914,32,4930,17,4931,18,4932,32,4923.0,0.0
114200,MIRACLEFRUIT,5185,46,5184,80,5183,18,5192,38,5193,23,5194,46,5188.5,0.0
114300,MIRACLEFRUIT,5143,64,5142,30,5141,74,5149,23,5150,35,5151,39,5146.0,0.0
114400,MIRACLEFRUIT,4871,26,4870,10,4869,22,4881,15,4882,24,4883,28,4876.0,0.0
114500,MIRACLEFRUIT,5194,10,5193,13,5192,41,5209,32,5210,32,5211,80,5201.5,0.0
114600,MIRACLEFRUIT,4863,46,4862,15,4861,42,4880,78,4881,12,4882,4,4871.5,0.0
114700,MIRACLEFRUIT,5004,7,5003,40,5002,28,5023,26,5024,88,5025,94,5013.5,0.0
114800,MIRACLEFRUIT,5008,32,5007,35,5006,15,5017,18,5018,68,5019,34,5012.5,0.0
114900,MIRACLEFRUIT,4871,48,4870,36,4869,21,4889,54,4890,58,4891,74,4880.0,0.0
115000,MIRACLEFRUIT,5076,12,5075,2,5074,8,5090,43,5091,22,5092,24,5083.0,0.0
115100,MIRACLEFRUIT,5073,22,5072,88,5071,52,5082,7,5083,34,5084,48,5077.5,0.0
115200,MIRACLEFRUIT,5119,74,5118,46,5117,58,5133,12,5134,23,5135,15,5126.0,0.0
115300,MIRACLEFRUIT,5137,42,5136,96,5135,90,5154,33,5155,13,5156,23,5145.5,0.0
115400,MIRACLEFRUIT,5165,90,5164,98,5163,54,5174,38,5175,32,5176,45,5169.5,0.0
115500,MIRACLEFRUIT,4894,39,4893,40,4892,13,4908,70,4909,2,4910,94,4901.0,0.0
115600,MIRACLEFRUIT,4965,23,4964,16,4963,30,4981,90,4982,10,4983,26,4973.0,0.0
115700,MIRACLEFRUIT,4831,4,4830,40,4829,16,4840,10,4841,64,4842,42,4835.5,0.0
115800,MIRACLEFRUIT,4810,31,4809,42,4808,25,4817,48,4818,36,4819,42,4813.5,0.0
115900,MIRACLEFRUIT,5100,44,5099,12,5098,26,5111,20,5112,48,5113,80,5105.5,0.0
116000,MIRACLEFRUIT,5016,74,5015,96,5014,66,5026,47,5027,21,5028,25,5021.0,0.0
116100,MIRACLEFRUIT,5088,56,5087,18,5086,24,5096,23,5097,22,5098,4,5092.0,0.0
116200,MIRACLEFRUIT,4901,10,4900,56,4899,70,4907,34,4908,6,4909,28,4904.0,0.0
116300,MIRACLEFRUIT,5191,10,5190,68,5189,92,5207,31,5208,35,5209,39,5199.0,0.0
116400,MIRACLEFRUIT,5066,68,5065,26,5064,78,5079,42,5080,23,5081,6,5072.5,0.0
116500,MIRACLEFRUIT,5013,42,5012,45,5011,48,5018,32,5019,4,5020,48,5015.5,0.0
116600,MIRACLEFRUIT,4978,14,4977,11,4976,42,4995,34,4996,90,4997,2,4986.5,0.0
116700,MIRACLEFRUIT,4887,38,4886,4,4885,33,4904,12,4905,10,4906,90,4895.5,0.0
116800,MIRACLEFRUIT,4840,7,4839,41,4838,8,4855,58,4856,24,4857,78,4847.5,0.0
116900,MIRACLEFRUIT,4875,37,4874,10,4873,43,4894,94,4895,6,4896,96,4884.5,0.0
117000,MIRACLEFRUIT,5176,30,5175,76,5174,30,5194,1,5195,27,5196,48,5185.0,0.0
117100,MIRACLEFRUIT,4845,10,4844,58,4843,38,4853,24,4854,44,4855,19,4849.0,0.0
117200,MIRACLEFRUIT,4959,20,4958,24,4957,8,4964,8,4965,44,4966,47,4961.5,0.0
117300,MIRACLEFRUIT,4879,62,4878,36,4877,32,4896,2,4897,30,4898,30,4887.5,0.0
117400,MIRACLEFRUIT,5109,80,5108,72,5107,50,5119,49,5120,39,5121,45,5114.0,0.0
117500,MIRACLEFRUIT,4885,23,4884,12,4883,34,4893,64,4894,2,4895,76,4889.0,0.0
117600,MIRACLEFRUIT,4891,36,4890,37,4889,3,4900,26,4901,22,4902,20,4895.5,0.0
117700,MIRACLEFRUIT,4947,9,4946,18,4945,43,4956,96,4957,52,4958,40,4951.5,0.0
117800,MIRACLEFRUIT,4960,35,4959,34,4958,41,4973,34,4974,34,4975,8,4966.5,0.0
117900,MIRACLEFRUIT,5001,14,5000,4,4999,29,5006,10,5007,46,5008,92,5003.5,0.0
118000,MIRACLEFRUIT,5041,82,5040,90,5039,30,5058,10,5059,46,5060,28,5049.5,0.0
118100,MIRACLEFRUIT,5152,56,5151,84,5150,32,5158,33,5159,43,5160,26,5155.0,0.0
118200,MIRACLEFRUIT,4801,24,4800,10,4799,68,4818,48,4819,29,4820,27,4809.5,0.0
118300,MIRACLEFRUIT,5024,84,5023,2,5022,78,5034,18,5035,40,5036,10,5029.0,0.0
118400,MIRACLEFRUIT,5088,64,5087,52,5086,34,5097,42,5098,5,5099,10,5092.5,0.0
118500,MIRACLEFRUIT,5032,48,5031,27,5030,24,5047,42,5048,48,5049,76,5039.5,0.0
118600,MIRACLEFRUIT,4876,35,4875,46,4874,42,4887,6,4888,80,4889,62,4881.5,0.0
118700,MIRACLEFRUIT,4915,39,4914,26,4913,49,4922,82,4923,74,4924,4,4918.5,0.0
118800,MIRACLEFRUIT,4953,38,4952,23,4951,22,4960,4,4961,78,4962,98,4956.5,0.0
118900,MIRACLEFRUIT,4902,4,4901,49,4900,9,4916,84,4917,88,4918,68,4909.0,0.0
119000,MIRACLEFRUIT,4993,8,4992,14,4991,46,4999,42,5000,20,5001,33,4996.0,0.0
119100,MIRACLEFRUIT,4965,4,4964,98,4963,48,4982,4,4983,45,4984,44,4973.5,0.0
119200,MIRACLEFRUIT,5158,80,5157,62,5156,94,5165,11,5166,42,5167,47,5161.5,0.0
119300,MIRACLEFRUIT,4889,62,4888,94,4887,80,4903,5,4904,25,4905,49,4896.0,0.0
119400,MIRACLEFRUIT,4973,96,4972,86,4971,68,4978,37,4979,34,4980,9,4975.5,0.0
119500,MIRACLEFRUIT,4921,24,4920,49,4919,26,4930,12,4931,36,4932,28,4925.5,0.0
119600,MIRACLEFRUIT,4942,16,4941,47,4940,13,4960,38,4961,28,4962,80,4951.0,0.0
119700,MIRACLEFRUIT,4905,15,4904,27,4903,4,4924,34,4925,70,4926,58,4914.5,0.0
119800,MIRACLEFRUIT,5174,16,5173,30,5172,44,5190,84,5191,34,5192,86,5182.0,0.0
119900,MIRACLEFRUIT,5104,30,5103,36,5102,3,5113,16,5114,2,5115,90,5108.5,0.0
120000,MIRACLEFRUIT,5159,44,5158,98,5157,44,5175,36,5176,7,5177,46,5167.0,0.0
120100,MIRACLEFRUIT,5116,98,5115,24,5114,42,5131,5,5132,24,5133,28,5123.5,0.0
120200,MIRACLEFRUIT,4922,8,4921,62,4920,88,4933,43,4934,17,4935,37,4927.5,0.0
120300,MIRACLEFRUIT,5189,62,5188,46,5187,40,5197,20,5198,3,5199,37,5193.0,0.0
120400,MIRACLEFRUIT,4808,30,4807,46,4806,56,4815,26,4816,15,4817,48,4811.5,0.0
120500,MIRACLEFRUIT,5061,16,5060,37,5059,21,5066,16,5067,26,5068,96,5063.5,0.0
120600,MIRACLEFRUIT,4872,15,4871,17,4870,37,4888,6,4889,2,4890,18,4880.0,0.0
120700,MIRACLEFRUIT,5158,13,5157,19,5156,30,5177,62,5178,82,5179,52,5167.5,0.0
120800,MIRACLEFRUIT,5022,45,5021,18,5020,14,5034,34,5035,68,5036,18,5028.0,0.0
120900,MIRACLEFRUIT,4840,36,4839,36,4838,20,4857,26,4858,10,4859,82,4848.5,0.0
121000,MIRACLEFRUIT,5169,38,5168,90,5167,88,5176,13,5177,1,5178,25,5172.5,0.0
121100,MIRACLEFRUIT,5003,14,5002,88,5001,8,5020,47,5021,4,5022,36,5011.5,0.0
121200,MIRACLEFRUIT,5063,68,5062,4,5061,10,5082,10,5083,28,5084,6,5072.5,0.0
121300,MIRACLEFRUIT,5127,20,5126,64,5125,84,5133,27,5134,12,5135,48,5130.0,0.0
121400,MIRACLEFRUIT,4977,82,4976,26,4975,78,4992,3,4993,46,4994,33,4984.5,0.0
121500,MIRACLEFRUIT,5147,5,5146,10,5145,10,5155,20,5156,62,5157,30,5151.0,0.0
121600,MIRACLEFRUIT,5117,38,5116,27,5115,21,5124,14,5125,72,5126,28,5120.5,0.0
121700,MIRACLEFRUIT,4883,8,4882,1,4881,28,4900,96,4901,28,4902,6,4891.5,0.0
121800,MIRACLEFRUIT,5117,49,5116,39,5115,14,5122,98,5123,92,5124,6,5119.5,0.0
121900,MIRACLEFRUIT,4910,21,4909,30,4908,21,4917,44,4918,38,4919,70,4913.5,0.0
122000,MIRACLEFRUIT,5050,98,5049,18,5048,34,5066,12,5067,5,5068,10,5058.0,0.0
122100,MIRACLEFRUIT,5182,10,5181,62,5180,80,5188,41,5189,33,5190,13,5185.0,0.0
122200,MIRACLEFRUIT,4806,76,4805,86,4804,38,4818,35,4819,32,4820,11,4812.0,0.0
122300,MIRACLEFRUIT,4883,72,4882,66,4881,26,4893,48,4894,38,4895,24,4888.0,0.0
122400,MIRACLEFRUIT,5007,28,5006,66,5005,58,5020,35,5021,19,5022,6,5013.5,0.0
122500,MIRACLEFRUIT,5187,43,5186,49,5185,36,5199,80,5200,90,5201,88,5193.0,0.0
122600,MIRACLEFRUIT,5189,44,5188,10,5187,31,5203,84,5204,70,5205,8,5196.0,0.0
122700,MIRACLEFRUIT,5113,6,5112,1,5111,7,5120,66,5121,26,5122,72,5116.5,0.0
122800,MIRACLEFRUIT,4821,27,4820,21,4819,28,4830,86,4831,38,4832,86,4825.5,0.0
122900,MIRACLEFRUIT,5182,16,5181,46,5180,23,5193,24,5194,22,5195,12,5187.5,0.0
123000,MIRACLEFRUIT,4802,40,4801,76,4800,50,4811,12,4812,27,4813,41,4806.5,0.0
123100,MIRACLEFRUIT,4926,56,4925,10,4924,42,4938,25,4939,42,4940,3,4932.0,0.0
123200,MIRACLEFRUIT,5096,36,5095,94,5094,12,5112,3,5113,20,5114,28,5104.0,0.0
123300,MIRACLEFRUIT,4987,58,4986,38,4985,66,4996,23,4997,48,4998,3,4991.5,0.0
123400,MIRACLEFRUIT,5161,2,5160,90,5159,6,5166,42,5167,24,5168,43,5163.5,0.0
123500,MIRACLEFRUIT,4813,42,4812,21,4811,35,4822,80,4823,12,4824,40,4817.5,0.0
123600,MIRACLEFRUIT,4811,41,4810,40,4809,3,4819,22,4820,64,4821,54,4815.0,0.0
123700,MIRACLEFRUIT,4886,25,4885,45,4884,38,4896,42,4897,88,4898,96,4891.0,0.0
123800,MIRACLEFRUIT,4811,45,4810,20,4809,44,4818,26,4819,44,4820,70,4814.5,0.0
123900,MIRACLEFRUIT,5196,45,5195,34,5194,21,5215,94,5216,44,5217,56,5205.5,0.0
124000,MIRACLEFRUIT,4824,96,4823,46,4822,12,4839,21,4840,46,4841,18,4831.5,0.0
124100,MIRACLEFRUIT,5100,26,5099,98,5098,46,5109,31,5110,46,5111,37,5104.5,0.0
124200,MIRACLEFRUIT,5042,18,5041,34,5040,4,5048,21,5049,14,5050,25,5045.0,0.0
124300,MIRACLEFRUIT,4921,38,4920,38,4919,14,4936,27,4937,40,4938,23,4928.5,0.0
124400,MIRACLEFRUIT,4946,84,4945,84,4944,40,4956,31,4957,47,4958,29,4951.0,0.0
124500,MIRACLEFRUIT,4854,9,4853,17,4852,27,4871,94,4872,60,4873,52,4862.5,0.0
124600,MIRACLEFRUIT,5037,47,5036,2,5035,36,5056,40,5057,76,5058,38,5046.5,0.0
124700,MIRACLEFRUIT,5155,19,5154,17,5153,5,5171,54,5172,50,5173,80,5163.0,0.0
124800,MIRACLEFRUIT,4972,39,4971,18,4970,7,4982,76,4983,46,4984,58,4977.0,0.0
124900,MIRACLEFRUIT,5191,17,5190,39,5189,36,5200,30,5201,6,5202,20,5195.5,0.0
125000,MIRACLEFRUIT,5020,80,5019,90,5018,8,5030,15,5031,16,5032,17,5025.0,0.0
125100,MIRACLEFRUIT,4918,76,4917,50,4916,10,4933,19,4934,11,4935,48,4925.5,0.0
125200,MIRACLEFRUIT,5108,60,5107,24,5106,8,5119,5,5120,5,5121,14,5113.5,0.0
125300,MIRACLEFRUIT,4982,48,4981,58,4980,18,4998,26,4999,8,5000,5,4990.0,0.0
125400,MIRACLEFRUIT,5087,8,5086,48,5085,28,5096,7,5097,16,5098,14,5091.5,0.0
125500,MIRACLEFRUIT,5106,5,5105,18,5104,42,5111,74,5112,82,5113,8,5108.5,0.0
125600,MIRACLEFRUIT,5099,19,5098,12,5097,18,5111,72,5112,96,5113,34,5105.0,0.0
125700,MIRACLEFRUIT,4881,17,4880,30,4879,24,4889,94,4890,72,4891,12,4885.0,0.0
125800,MIRACLEFRUIT,5010,11,5009,35,5008,23,5023,32,5024,58,5025,72,5016.5,0.0
125900,MIRACLEFRUIT,4949,17,4948,1,4947,15,4967,76,4968,74,4969,96,4958.0,0.0
126000,MIRACLEFRUIT,4836,64,4835,18,4834,30,4850,48,4851,10,4852,41,4843.0,0.0
126100,MIRACLEFRUIT,5151,56,5150,48,5149,70,5167,36,5168,29,5169,14,5159.0,0.0
126200,MIRACLEFRUIT,5111,44,5110,54,5109,38,5121,4,5122,44,5123,42,5116.0,0.0
126300,MIRACLEFRUIT,5160,90,5159,24,5158,40,5165,36,5166,45,5167,13,5162.5,0.0
126400,MIRACLEFRUIT,4858,2,4857,42,4856,98,4865,46,4866,18,4867,33,4861.5,0.0
126500,MIRACLEFRUIT,4930,45,4929,1,4928,10,4937,42,4938,32,4939,30,4933.5,0.0
126600,MIRACLEFRUIT,5001,47,5000,32,4999,39,5015,10,5016,12,5017,76,5008.0,0.0
126700,MIRACLEFRUIT,5042,22,5041,18,5040,48,5058,6,5059,96,5060,24,5050.0,0.0
126800,MIRACLEFRUIT,4834,46,4833,32,4832,27,4850,72,4851,66,4852,72,4842.0,0.0
126900,MIRACLEFRUIT,4892,28,4891,18,4890,39,4900,66,4901,62,4902,42,4896.0,0.0
127000,MIRACLEFRUIT,5006,98,5005,58,5004,36,5016,27,5017,27,5018,8,5011.0,0.0
127100,MIRACLEFRUIT,5152,88,5151,16,5150,62,5171,37,5172,32,5173,26,5161.5,0.0
127200,MIRACLEFRUIT,5190,68,5189,14,5188,72,5201,2,5202,12,5203,22,5195.5,0.0
